2894 4860
641 682 797 774 LIBER
824 683 868 757 ΙΙ.
918 796 920 801 Ι

695 1019 845 1068 ..4-

562 1293 951 1384 ARGUMENTUM.

204 1771 295 1867 QUI
313 1775 392 1846 crim
410 1772 596 1870 aliquando
614 1770 803 1844 Phaetonti
820 1771 1031 1869 Apollinem,
1049 1788 1084 1844 et
1110 1772 1239 1847 falsum
1253 1775 1295 1848 ac
1312 1776 1397 1877 supss
1422 1812 1427 1819 ·

104 1872 269 1972 positium
281 1887 425 1971 patrem,
444 1871 646 1966 objecisset;
675 1871 732 1941 ille
749 1893 870 1943 currus
889 1870 1021 1944 Solaris
1038 1870 1220 1967 imperium
1239 1875 1289 1945 ad·
1301 1876 1395 1948 diem

103 1997 214 2047 unum
232 1972 253 2040 a
269 1988 364 2068 patre
382 1972 417 2042 in
435 1970 560 2066 pignus
585 1991 676 2039 verae
702 1968 816 2064 stirpis
849 1970 943 2063 petit.
995 1967 1078 2056 Quo
1094 1969 1289 2065 impetrato,
1307 1985 1398 2047 terra

104 2072 150 2142 ab
167 2094 209 2140 eo
226 2083 299 2141 tota
315 2067 526 2154 accenditur,
541 2083 575 2138 et
587 2065 676 2136 inter
689 2080 814 2139 caetera
829 2066 1028 2161 nigrescunt
1039 2064 1230 2162 AEthiopes.
1282 2065 1397 2144 Phae-

102 2181 237 2241 tontem
266 2165 392 2236 deinde
420 2163 565 2237 fulmine
595 2187 795 2260 percussum
825 2165 907 2236 dum
938 2163 1057 2260 lugent
1086 2188 1231 2259 sorores,
1260 2179 1296 2238 et
1325 2164 1395 2240 und

103 2278 274 2362 cognatus
291 2260 461 2360 Cygnus;
488 2261 557 2332 illae
571 2263 605 2333 in
623 2263 772 2350 arbores,
792 2261 847 2334 hic
865 2263 900 2334 in
917 2286 1070 2358 cygnum
1085 2277 1245 2335 mutatur.
1297 2262 1395 2340 Tum

103 2359 252 2459 Jupiter,
271 2360 415 2435 lustrato
432 2375 597 2449 terrarum
615 2362 697 2432 orbe
715 2385 757 2434 ac
797 2360 917 2433 ristino
935 2359 1046 2453 vigori
1063 2359 1233 2447 restituto,
1252 2359 1287 2432 in
1307 2361 1396 2436 Cal·

101 2458 266 2534 listonem
284 2460 416 2544 incidit,
439 2483 597 2555 eamque,
612 2460 750 2555 sumpt&
768 2384 895 2532 llianae
909 2457 1032 2552 forma,
1051 2460 1228 2556 stupravit.
1280 2457 1340 2531 Ob
1357 2461 1394 2534 id

15 2594 21 2604 ·
102 2557 193 2630 irata
215 2557 322 2644 Juno,
354 2556 581 2631 Callistonem
605 2556 640 2629 in
667 2581 780 2629 ursam
806 2556 998 2630 convertit:
1024 2581 1127 2652 quam
1147 2573 1267 2654 postea
1283 2554 1394 2631 Arcas

103 2653 197 2727 filius
213 2655 440 2728 transfixurus
456 2655 579 2743 fuerat,
609 2655 674 2727 nisi
699 2670 882 2752 utrumque
907 2653 1043 2751 Jupiter
1067 2656 1155 2726 inter
1172 2655 1284 2742 sidera
1300 2669 1392 2727 retu-

102 2750 209 2825 lisset
263 2753 346 2843 Qud
362 2754 406 2826 de
422 2779 458 2826 re
475 2757 554 2829 crim
581 2754 670 2851 apud
690 2752 872 2828 Oceanum
901 2751 997 2824 Juno
1024 2768 1213 2848 conquesta
1237 2765 1339 2840 esset,
1354 2753 1393 2825 in

35 2861 38 2865 ’
102 2850 233 2925 coelum
249 2851 356 2924 relata
374 2852 440 2925 fuit
458 2853 610 2926 humeris
628 2877 814 2950 pavonum,
832 2853 892 2949 qui
908 2875 1017 2947 nuper
1033 2851 1199 2948 variegati
1226 2851 1389 2947 fuerant}

102 2949 193 3023 sicut
209 2965 244 3023 et
268 2975 392 3024 corvus
417 2976 526 3047 nuper
550 2976 594 3024 ex
619 2952 698 3023 albo
723 2951 820 3049 niger
845 2963 918 3024 erat
943 2949 1107 3045 redditus,
1124 2951 1203 3021 cum
1229 2947 1392 3023 Cornicis

103 3048 256 3136 monitis,
275 3074 354 3146 quae
372 3049 421 3122 illi
445 3065 519 3123 tum
538 3074 635 3123 suam
652 3049 688 3120 in
706 3049 890 3137 cornicem,
908 3046 1230 3144 tum'Nyctimenes
1247 3047 1283 3120 in
1301 3069 1388 3118 noc-

103 3162 200 3220 tuam
230 3150 456 3222 mutationem
486 3147 684 3245 explicaret,
714 3172 783 3219 uon
815 3147 1094 3244 obtemperdsset,
1131 3146 1192 3219 sed
1225 3145 1391 3218 audacter

106 3244 292 3318 Coronidis
312 3246 519 3320 adulterium
532 3247 576 3319 ad
594 3244 791 3342 Apollinem
809 3245 1000 3320 detulisset.
1051 3241 1138 3339 Ejus
1162 3244 1288 3316 deinde
1305 3242 1391 3334 filio,

102 3340 318 3438 AEsculapi0‚
349 3347 427 3418 crim
456 3359 572 3418 satura
598 3343 799 3442 praediceret
828 3343 980 3441 Ocyroe‚
1007 3342 1043 3413 in
1060 3366 1186 3438 aquam
1203 3342 1253 3414 ire
1272 3340 1392 3413 divina

104 3442 257 3515 vertitur.
291 3441 386 3515 Tum
406 3441 539 3515 Chiron
556 3453 663 3540 pater,
682 3440 854 3539 Apollinis
871 3441 1038 3515 auxilium
1051 3439 1176 3512 frustra
1192 3438 1390 3513 invocavit:

103 3540 197 3635 quod
210 3538 267 3610 ille
276 3540 353 3633 jam
372 3541 452 3613 inde
466 3539 568 3613 Elide
585 3557 702 3637 pastor
718 3540 842 3630 lactus,
855 3540 949 3615 aliud
963 3553 1091 3637 ageret,
1105 3539 1271 3638 neglectis
1283 3536 1391 3609 etiam

102 3639 222 3711 bobus.
275 3635 313 3710 ld
343 3639 434 3734 quod
465 3637 639 3712 Mercurio
666 3638 744 3711 illos
772 3639 910 3712 furandi
936 3637 1153 3711 occasionem
1183 3637 1299 3710 dedit:
1327 3635 1391 3730 qui

102 3735 228 3821 deinde
246 3737 354 3823 Batti,
372 3741 450 3810 crim
467 3737 496 3810 is
513 3737 606 3810 solus
623 3754 712 3811 esset
731 3738 812 3809 lurti
829 3738 1000 3823 conscius,
1019 3735 1161 3831 perlidici
1180 3761 1217 3808 se
1235 3757 1392 3809 commu·

102 3836 210 3906 tando
223 3837 448 3933 deprehensa,
466 3837 501 3908 in
519 3836 666 3910 indicem
685 3836 834 3933 lapidem
849 3861 927 3908 eum
942 3836 1120 3907 convertit.
1173 3832 1258 3906 lnde
1276 3833 1310 3905 in
1325 3831 1390 3902 At-

102 3929 208 4003 ticam
223 3935 408 4030 ingressus‚
429 3933 555 4021 Hence,
581 3933 746 4031 Cecropis
773 3935 856 4022 filie,
882 3933 1021 4030 potitur.
1074 3931 1144 4005 Cui
1156 3931 1239 4004 dum
1257 3930 1392 4002 invidet

104 4053 200 4101 soror
219 4031 400 4129 Aglauros,
418 4034 452 4106 in
471 4059 593 4106 saxum
614 4033 806 4130 obrigescit.
858 4031 985 4105 Postea
1001 4030 1149 4129 Jupiter,
1166 4033 1245 4102 crim
1273 4029 1390 4124 ipsum

103 4127 211 4200 boves
230 4131 399 4227 Agenoris
417 4133 458 4205 ad
477 4133 572 4205 littus
597 4133 772 4205 advertere
791 4130 965 4227 jussisset,
989 4130 1126 4226 sumpt&
1143 4127 1233 4202 tauri
1259 4125 1389 4224 specie,

105 4220 283 4326 Europam
300 4255 361 4329 per
378 4231 524 4308 marein
543 4231 686 4306 Cretam
699 4229 896 4306 transvexit.
