2894 4860
584 711 737 787 LIBER
765 711 824 788 IV.

648 1069 766 1082 ι’*-

515 1331 905 1410 Anuuunuruu

629 1674 780 1724 ⁸*-

62 1950 329 2040 ALCITHOA
346 1975 475 2043 tamen,
488 1954 558 2030 und
575 1981 654 2031 cum
673 1956 857 2053 sororibus,
875 1974 1071 2032 constanter
1088 1984 1128 2034 ea
1154 1981 1351 2039 contemne·

62 2066 129 2137 bat.
181 2061 280 2133 Adeo
299 2075 335 2131 ut
353 2059 389 2130 in
409 2057 495 2128 sesto
522 2056 633 2128 varias
651 2057 693 2127 ad
721 2056 835 2129 colum
864 2056 1023 2130 historias
1041 2058 1110 2129 illae
1123 2060 1187 2133 sibi
1201 2061 1351 2139 invicem

61 2185 198 2235 narrare
213 2153 392 2256 coeperint
429 2151 558 2242 Partim
576 2155 618 2227 tle
636 2153 741 2226 moris
759 2154 957 2252 denigratis,
977 2157 1097 2251 partim
1115 2159 1158 2230 dc
1175 2158 1350 2257 Appoline

60 2260 97 2331 in
111 2256 331 2355 Eurynomen
344 2278 456 2339 verso,
470 2268 509 2324 ut
520 2277 600 2326 cum
613 2249 818 2329 Leucothoe
832 2256 1096 2330 concumberet:
1123 2261 1350 2352 quamobrem

62 2356 182 2452 Clytie
195 2354 355 2449 zelotypa
371 2353 407 2437 in
427 2349 684 2448 Heliotropium
699 2350 802 2424 fuerit
819 2366 973 2425 mutata:
998 2354 1122 2449 partim
1137 2355 1180 2426 de
1199 2353 1349 2428 Herma·

60 2453 226 2551 phrodito
244 2467 278 2524 et
297 2448 493 2546 Salmacide
510 2450 664 2547 nympha
689 2449 726 2520 in
751 2474 858 2523 unum
883 2474 1008 2546 corpus
1033 2452 1214 2526 concretis.
1267 2452 1349 2541 Quo

58 2553 172 2637 facto,
199 2572 331 2620 sorores
357 2548 444 2645 ipsae·
469 2547 505 2619 in
532 2545 802 2644 vespertiliones,
829 2571 1017 2642 earumque
1042 2548 1123 2620 telae
1140 2550 1175 2621 in
1193 2547 1297 2623 vitem
1315 2566 1351 2625 et

59 2647 248 2747 pampinos
275 2645 525 2735 transformatae
548 2662 638 2717 sunt.
692 2642 770 2716 Hac
795 2647 837 2718 de
863 2671 898 2719 re
924 2648 1004 2720 erim
1025 2645 1146 2742 Agave
1163 2645 1350 2744 laetaretur,

49 2768 214 2844 magnus
227 2744 258 2815 ei
277 2743 374 2817 dolor
390 2743 525 2817 oblatus
542 2761 610 2816 est:
637 2744 776 2839 quando
795 2743 858 2816 lno
880 2758 917 2815 et·
930 2743 1099 2816 Athamas
1119 2745 1153 2817 in
1172 2764 1265 2820 mare
1289 2773 1350 2844 per

58 2843 230 2918 insaniam
248 2841 489 2941 prosiluerunt,
503 2858 538 2915 et
551 2842 634 2916 facti
651 2859 730 2914 sunt
746 2841 794 2913 dii
811 2842 943 2915 marini.
971 2841 1070 2932 Quos
1086 2845 1168 2916 dum
1187 2845 1350 2916 mulieres

60 2941 244 3017 Thebanae
258 2964 321 3040 pro
339 2939 482 3014 mortuis
493 2940 685 3037 deplorant,
699 2939 734 3012 in
751 2963 839 3012 saxa·
852 2955 886 3012 et
898 2939 1055 3013 volucres
1077 2957 1347 3018 commutantur.

62 3038 221 3114 Cadmus
234 3062 372 3136 quoque
390 3039 457 3111 hac
470 3037 665 3112 calamitate
673 3052 879 3125 commotus,
894 3037 1021 3110 relictis
1035 3035 1181 3124 Thebis,
1200 3040 1234 3110 in
1263 3037 1345 3136 llly-

58 3137 147 3213 riam
177 3162 257 3211 eum
274 3161 382 3210 uxore
407 3134 584 3234 profectus
607 3153 669 3210 est.
721 3135 793 3208 Ubi
811 3152 955 3230 uterque
972 3135 1182 3231 anguineam
1201 3135 1347 3211 formam

59 3234 206 3334 accepit.
259 3235 363 3308 Solus
379 3236 496 3331 itaque
513 3237 663 3309 restabat
680 3234 700 3302 e
718 3234 851 3307 Bacchi
867 3235 1162 3330 contemptoribus
1179 3233 1347 3323 Acrisius

59 3358 146 3408 avus
160 3333 292 3419 Persei,
306 3331 365 3429 qui
380 3332 555 3430 Gorgonis
567 3346 672 3428 caput
684 3333 884 3431 amputavit.
937 3329 968 3401 E
987 3331 1086 3427 cujus
1103 3335 1210 3432 guttis
1226 3336 1260 3407 in
1278 3351 1347 3408 ter·

58 3457 132 3507 ram
148 3431 298 3528 delapsis
309 3456 440 3528 angues
457 3431 566 3503 exorti
579 3447 669 3517 sunt,
690 3447 724 3502 et
737 3431 913 3503 Atlantem
927 3429 962 3501 in
973 3449 1138 3519 montem,
1150 3433 1346 3527 virgasque,

58 3545 137 3628 post
152 3529 410 3602 Andromedam
429 3528 621 3613 liberatam,
637 3529 669 3601 in
687 3529 819 3625 lapides
832 3528 1008 3602 convertit.
1061 3529 1149 3603 Orto
1166 3527 1291 3599 deinde
1307 3528 1346 3602 in

57 3627 189 3726 nuptiis
206 3627 368 3721 tumultu,
381 3626 552 3702 Phineum
566 3650 646 3701 curn
657 3626 739 3719 suis,
752 3627 890 3722 unique
905 3625 1057 3702 Praetum
1071 3643 1106 3702 et
1119 3625 1344 3721 Polydecten,

56 3749 184 3800 saxeos
197 3727 354 3800 reddidit.
1183 3764 1184 3768 ¹
