2894 4860
506 269 777 340 uuuuuouru.
800 260 878 333 urs}
902 272 983 332 vui.
1189 350 1192 359 ,
1285 352 1290 363 ι
1323 271 1383 333 aas

40 431 173 577 ‘ffiduo
187 394 366 517 Thestiadae,
375 439 533 517 prolesque
545 437 700 515 Aphareia
706 437 854 514 Lynceus,
1013 436 1035 476 ’ί
1044 432 1090 480 <¹1⁴⁰
1102 430 1382 494 emendacionem

120 519 206 578 velox
216 518 291 590 ldas,
305 519 401 597 etjam
415 538 472 578 non
482 517 600 579 soemina
613 516 751 585 Caeneus,
923 518 984 573 305
1004 490 1209 599 {lfflfflg
1219 492 1381 609 fflsswffi

66 596 296 676 Leucippusque
307 598 402 670 feror,
410 600 572 677 jaculoque
585 595 705 669 insignis
719 595 851 664 Acastus,
1012 618 1113 658 asason
1122 610 1263 670 Lashpar,
1278 611 1382 658 uum·

64 675 322 756 Hippothousque,
336 678 504 756 Dryasque,
518 685 549 734 et
561 682 661 733 cretus
673 675 835 750 Amyntore
849 672 983 743 Phoenix,
1013 674 1051 717 ⁸²⁴⁸
1057 674 1172 730 namtas
1181 671 1273 731 jacan,
1283 675 1306 716 es
1319 670 1382 740 Hip·

65 756 271 837 Actoridaeque
283 778 383 836 pares,
394 765 424 817 et
440 758 544 815 missus
558 755 594 813 ab
606 752 691 812 Elide
705 752 844 830 Phyleus.
910 796 912 803 .
958 791 960 799 ·
1005 729 1383 851 fflffiffiffiffl

66 835 96 893 N
98 855 132 896 ec
143 837 287 898 Telamon
300 839 413 907 aberat,
428 835 581 911 magnique
594 843 711 893 creator
723 832 864 891 Achillis:
1012 848 1292 911 daemonumque
1298 848 1384 895 mum

65 914 201 995 Cumque
213 916 403 985 Pheretiade,
417 923 448 975 et
458 913 594 992 Hyanteo
609 912 687 972 lolao
926 914 986 971 310
1013 908 1138 1015 :gam-
1167 909 1251 970 Neque
1272 908 1383 979 Pusam

66 994 196 1073 Impiger
206 995 365 1073 Eurytion,
376 1002 407 1054 et
418 1014 506 1055 cursu
521 993 646 1054 inuictus
661 990 787 1062 Echion,
1014 1028 1052 1080 H,
1068 966 1382 1075 ζ”ζζζᾭῖαᾞξῇᾎ

64 1075 276 1153 Naryciusque
288 1075 393 1145 Lelex,
407 1074 631 1152 Panopeusque,
641 1072 828 1165 Hyleusque,
842 1071 987 1151 ferorque
1014 1086 1176 1134 Phaethusa
1190 1043 1381 1149 laudisonum,

64 1155 229 1235 Hippasus,
243 1159 273 1215 et
287 1155 386 1232 primis
400 1155 555 1215 etiamnum
569 1152 686 1213 Nestor.
696 1173 725 1211 m
739 1170 830 1213 aunis.
1014 1146 1350 1265 fflfflffijytctffffiffl·
1359 1148 1382 1250 ξ

1015 1280 1050 1321 aas,
1059 1269 1080 1311 et
1097 1264 1197 1324 Hyleus,
1213 1265 1309 1323 esseron
1347 1267 1378 1326 ip·

60 1352 146 1398 pasus,
154 1344 174 1384 et
181 1338 351 1387 Nestoradhuo
359 1339 476 1398 inprimis
484 1338 560 1385 annis.

647 1922 786 2009 NOTAE;
868 1930 871 1935 “

101 2157 158 2208 sut.
176 2154 334 2220 Thestiados]
358 2152 555 2208 Toxeurn'dicit
566 2165 594 2206 et
608 2155 710 2224 Plexip·
776 2154 835 2209 308.
851 2153 981 2224 Phyteion]
1007 2160 1109 2224 Augeae
1131 2158 1182 2210 t'nit
1201 2158 1281 2221 iilius,
1300 2174 1382 2229 quem

62 2241 139 2292 pum,
152 2225 254 2275 Thestii
266 2224 345 2285 lilios,
364 2224 472 2275 Althaeae
484 2220 591 2282 fratres,
610 2222 709 2275 Melea·
722 2248 724 2253 ·
741 2222 880 2285 Plercules,
889 2224 960 2289 patri
967 2224 1064 2281 occiso,
1078 2222 1152 2304 quod
1160 2226 1272 2294 purgati
1285 2227 1383 2281 stabuli

65 2292 112 2358 gri
123 2291 272 2352 avunculos,
282 2306 351 2359 quos
369 2292 427 2356 ipse
446 2289 706 2354 postea-interfecits
740 2289 892 2343 mercedem
900 2291 1054 2358 denegaret,
1067 2309 1126 2362 eyus
1139 2293 1197 2345 loco
1206 2309 1318 2361 regnare
1323 2294 1383 2362 jus·

64 2359 290 2426 quemadmodum
304 2361 330 2409 in
344 2356 688 2425 sequentihusvidebimus.
743 2359 787 2409 sit.
845 2396 848 2401 «

102 2426 142 2475 lh.
168 2422 300 2492 Lynceus]
329 2425 446 2492 Apharei
474 2423 526 2477 tuit
555 2423 638 2487 lilius,
664 2423 710 2492 qui
777 2422 993 2489 auersatam]
1011 2424 1132 2480 aestuis
1148 2424 1294 2487 Salaminis,
1307 2425 1383 2478 AEaci

67 2501 180 2556 propter
199 2492 423 2543 eximismrerum
450 2492 599 2543 coelestium
616 2498 712 2542 terres·
743 2490 823 2551 iilius,
837 2491 927 2559 Ajacis
940 2502 1021 2558 pater.

66 2558 163 2623 trium,
182 2568 311 2608 astrorum
333 2560 476 2623 presertim
499 2567 527 2608 et
544 2557 710 2609 metallorum
778 2559 816 2609 lb.
836 2557 965 2624 Creusae]
981 2559 1087 2611 Peleum
1098 2559 1164 2610 dicit
1172 2558 1323 2611 Telamonis
1331 2557 1383 2611 tia-

64 2623 199 2684 notitiam,
225 2632 296 2675 tram
317 2624 415 2676 athera
437 2634 567 2692 tmraeque
586 2624 724 2676 barathra·
743 2633 821 2679 uem.

65 2692 130 2742 visu
148 2693 301 2758 penetrasse
314 2691 432 2743 dicitur.
466 2695 619 2759 Argonauta
631 2691 709 2744 etiam
779 2654 848 2744 310.1
866 2688 1040 2759 Pheretiade]
1073 2690 1219 2744 Admetum
1251 2690 1383 2760 intellige,

71 2757 134 2808 fuit.
744 2759 866 2811 Pheretis
874 2759 965 2818 filium,
977 2760 1089 2809 Alcestis
1103 2760 1233 2810 maritum.

99 2823 159 2874 305.
176 2821 261 2888 Idne]
280 2824 377 2891 Lyncei
390 2823 543 2878 luith-ater.
777 2827 816 2876 lb.
831 2823 919 2894 loton]
950 2828 1026 2875 Hunc
1039 2825 1133 2890 lphieli
1152 2826 1233 2878 filium
1251 2827 1382 2878 Hercules

63 2892 67 2899 “
99 2893 140 2942 lb.
161 2889 282 2959 Cuneus]
313 2892 373 2941 Fuit
392 2895 502 2943 Caeneus
524 2894 594 2945 Elati
607 2891 671 2953 filia,
684 2892 711 2942 in
743 2893 769 2944 in
782 2893 965 2944 interficienda
980 2892 1065 2959 hydra
1084 2894 1185 2944 socium
1197 2894 1297 2944 habuit.
1331 2895 1383 2957 Hy·

67 2974 170 3010 marem
184 2958 199 3007 d
214 2961 344 3024 Neptuno,
366 2974 414 3023 pro
426 2959 542 3024 dereptae
553 2958 711 3024 virginitatis
745 2971 835 3011 auteur
846 2960 943 3010 dicitur
954 2960 1018 3026 qnia
1030 2960 1171 3011 Boeoticus.
1196 2963 1313 3027 liyantes
1325 2961 1384 3008 Boe·

66 3026 156 3091 pretio
181 3034 300 3076 mutata:
317 3023 395 3092 cujus
419 3023 479 3076 fuse
500 3026 635 3079 historiam
653 3030 712 3077 Me·
743 3027 805 3080 otiae
835 3027 916 3092 opuii.

67 3102 124 3144 tam
140 3091 179 3144 12.
192 3093 209 3142 a
223 3092 281 3146 176.
293 3108 371 3142 versu
384 3090 466 3144 refert
477 3095 563 3159 polita.
778 3042 836 3143 Sll).
851 3090 998 3160 Eurytion]
1016 3096 1178 3158 Argonauta,
1192 3093 1227 3143 iri
1242 3091 1322 3153 iilius,
1334 3092 1382 3159 qui

104 3158 162 3208 306.
180 3156 346 3225 Leucippen]
375 3160 489 3224 Apharei
502 3159 653 3222 fuitfrater,
663 3163 711 3212 Pe·
744 3160 814 3210 silius
823 3159 874 3212 suit
881 3160 986 3212 Actoris
1001 3169 1031 3211 ut
1043 3175 1077 3211 cx
1092 3159 1228 3226 Apollonio
1240 3159 1383 3227 colligitur.

68 3226 148 3277 rierei
161 3242 209 3276 seu
232 3226 344 3276 Perieris
362 3225 444 3287 filius,
461 3235 538 3291 pater
552 3227 672 3285 Phoehes,
684 3234 712 3277 et
780 3227 816 3276 lh.
836 3224 953 3294 licinium]
980 3225 1066 3293 Hujus
1079 3228 1159 3277 etiam
1176 3227 1295 3278 meminit
1310 3226 1383 3279 idern

68 3294 172 3349 Elariae,
184 3308 251 3359 quas
264 3299 356 3344 Castor
368 3302 397 3344 et
412 3294 506 3344 Pollux
518 3310 611 3361 rapere
624 3294 713 3343 conati
747 3294 911 3359 Apollonius,
923 3295 969 3360 qui
983 3305 1043 3344 eum
1057 3293 1183 3344 Mercurii
1196 3292 1263 3345 facit
1274 3293 1366 3345 filium.

70 3370 140 3410 sunt.
779 3360 838 3408 312.
854 3358 955 3429 seren]
973 3365 1126 3419 Locrenses,
1138 3361 1184 3428 qui
1196 3365 1328 3428 Narycem
1341 3373 1384 3409 ur·
1437 3420 1439 3425 Ι

104 3428 144 3477 lb.
161 3424 294 3490 dicantus]
324 3427 404 3477 Pelias
430 3427 621 3479 Thessalorum
640 3426 712 3494 regis
747 3427 1025 3495 hernantiquissimam
1038 3426 1216 3489 obtinuerunt,
1230 3428 1245 3478 is
1259 3427 1342 3478 Plinio
1354 3432 1393 3479 eo
1432 3430 1439 3445 ⁸

71 3493 125 3545 suit
141 3493 220 3543 iilius.
685 3514 687 3519 ⁴
747 3493 874 3545 Strabone
886 3497 990 3560 Leleges
998 3494 1078 3544 etism
1085 3494 1224 3546 dicuntur:
1242 3493 1383 3546 etnomine

105 3561 165 3612 307.
181 3556 352 3628 Idppothous]
377 3559 464 3626 Hujus
488 3571 520 3613 ut
542 3570 570 3612 et
591 3559 714 3626 Dryantis
745 3560 864 3622 forsitan,
878 3569 907 3611 ut
920 3561 1036 3628 conjecit
1055 3570 1256 3622 commentator,
1280 3559 1313 3610 ab
1330 3559 1383 3611 isto

73 3628 131 3679 173.
145 3629 225 3692 capit.
237 3628 353 3677 meminit
362 3629 492 3694 Hyginus.
525 3630 603 3680 Illum
623 3636 712 3679 autern
745 3627 844 3694 Lelege
858 3637 987 3680 mutuato.

72 3695 205 3762 Geryonis
226 3693 291 3744 iacit
312 3693 404 3752 filium,
427 3696 488 3746 oum
512 3697 653 3763 Cercyonis,
677 3710 713 3746 ex
780 3696 818 3746 lb.
835 3693 991 3764 Panopeus]
1021 3695 1103 3750 Phoci
1116 3694 1221 3746 videtur
1233 3690 1385 3752 esseillius,

68 3762 202 3814 Pausania
213 3759 355 3824 legendum
369 3759 412 3809 sit.
746 3765 762 3813 a
774 3778 827 3829 quo
841 3765 966 3828 Panopes
974 3762 1037 3813 urbs
1046 3761 1171 3814 Phocidis
1179 3774 1273 3816 nomen
1283 3756 1385 3820 habuit,

104 3830 146 3880 lb.
163 3825 292 3891 Phaonte]
310 3828 359 3876 Hic
371 3834 510 3894 postquam
525 3830 614 3881 matris
624 3846 714 3891 suasu,
747 3842 778 3881 ut
791 3837 864 3879 notat
877 3829 1026 3880 Pausanias.

68 3897 224 3960 compatris
237 3896 398 3958 pollicarem
413 3893 556 3953 habuisset,
570 3896 629 3963 ejus
649 3899 715 3949 irem
781 3897 821 3946 lb.
837 3893 952 3960 Hyleus]
978 3898 1027 3946 Hic
1037 3893 1089 3944 unia
1100 3909 1160 3944 curn
1171 3893 1265 3945 Rhoeto
1277 3892 1311 3944 ab
1323 3894 1388 3947 Ata·

69 3961 204 4028 effugiens
216 3963 250 4013 ad
274 3960 379 4013 Peleum
392 3963 517 4024 pervenit,
531 3964 608 4030 siquo
622 3964 715 4030 perbe·
749 3964 829 4022 lanii,
838 3962 880 4012 cui
893 3963 945 4013 vim
959 3961 1054 4013 ailbrre
1068 3969 1215 4025 paraverat,
1227 3960 1341 4012 occisus.

69 4031 151 4095 nignd
164 4039 301 4095 acceptus,
316 4026 426 4077 Achillis
439 4029 596 4082 institutioni
610 4030 716 4098 praefeo·
783 4027 840 4078 318.
857 4027 1006 4096 lfippnane]
1033 4031 1110 4078 Hunc
1129 4042 1236 4096 quoque
1253 4029 1346 4095 Pluryti
1359 4026 1388 4078 su

69 4109 117 4149 tus
127 4096 186 4148 suit.
749 4098 814 4148 lium
825 4097 945 4161 Hyginus
955 4098 1022 4147 inter
1032 4093 1095 4159 Apri
1109 4107 1248 4149 venatores
1257 4105 1388 4149 recenset.

103 4162 163 4214 308.
181 4163 323 4233 dictando]
354 4165 459 4218 Actoris
477 4166 589 4217 Eiiensis
605 4164 716 4233 par-fra·
783 4163 821 4214 lb.
838 4165 930 4215 Primis
941 4158 1057 4225 Neston]
1089 4161 1277 4231 Primamjam,
1293 4179 1328 4216 ex
1344 4163 1390 4216 tri·

68 4241 143 4283 trum
152 4230 222 4282 dicit
233 4235 361 4298 Eurytum
375 4243 403 4284 ct
416 4236 548 4296 creatum,
562 4233 596 4285 ab
614 4236 716 4286 Hercu·
747 4230 798 4281 bus
810 4246 875 4300 quas
887 4231 962 4285 vixit,
975 4237 1076 4279 aetatem
1087 4243 1185 4297 agens:
1201 4229 1390 4286 etenhisnon·

71 4300 96 4349 lc
105 4306 200 4364 postea
212 4301 321 4350 occisos.
502 4314 511 4327 ⁴
748 4298 834 4350 nuilos
847 4297 904 4364 ipse
916 4304 1048 4354 recenset,
1057 4293 1124 4348 Iliad
1138 4298 1161 4347 1.
1351 4356 1391 4416 Π
