<?xml version="1.0" encoding="UTF-8"?>
<!DOCTYPE html PUBLIC "-//W3C//DTD XHTML 1.0 Transitional//EN"
    "http://www.w3.org/TR/xhtml1/DTD/xhtml1-transitional.dtd">
<html xmlns="http://www.w3.org/1999/xhtml" xml:lang="en" lang="en">
 <head>
  <title>
</title>
<meta http-equiv="Content-Type" content="text/html;charset=utf-8" />
  <meta name='ocr-system' content='tesseract 3.04.00' />
  <meta name='ocr-capabilities' content='ocr_page ocr_carea ocr_par ocr_line ocrx_word'/>
</head>
<body>
  <div class='ocr_page' id='page_1' title='image "./publiiovidiinas00joygoog_0481.png"; bbox 0 0 2894 4860; ppageno 0'>
   <div class='ocr_carea' id='block_1_1' title="bbox 453 330 1363 431">
    <p class='ocr_par' dir='ltr' id='par_1_1' title="bbox 453 330 1363 431">
     <span class='ocr_line' id='line_1_1' title="bbox 453 330 1363 431; baseline -0.013 0"><span class='ocrx_word' id='word_1_1' title='bbox 453 346 714 431; x_wconf 73' lang='lat' dir='ltr'>nerinorum</span> <span class='ocrx_word' id='word_1_2' title='bbox 737 365 812 424; x_wconf 82' lang='lat' dir='ltr'>nm.</span> <span class='ocrx_word' id='word_1_3' title='bbox 833 344 896 422; x_wconf 74' lang='lat' dir='ltr'>siu.</span> <span class='ocrx_word' id='word_1_4' title='bbox 1291 330 1363 420; x_wconf 71' lang='grc' dir='ltr'>ιιι</span> 
     </span>
    </p>
   </div>
   <div class='ocr_carea' id='block_1_2' title="bbox 65 498 1352 608">
    <p class='ocr_par' dir='ltr' id='par_1_2' title="bbox 65 498 1352 608">
     <span class='ocr_line' id='line_1_2' title="bbox 65 498 1352 608; baseline -0.024 -17"><span class='ocrx_word' id='word_1_5' title='bbox 65 535 130 603; x_wconf 74' lang='lat' dir='ltr'>uus</span> <span class='ocrx_word' id='word_1_6' title='bbox 142 533 220 608; x_wconf 75' lang='lat' dir='ltr'>priris</span> <span class='ocrx_word' id='word_1_7' title='bbox 234 532 336 591; x_wconf 86' lang='lat' dir='ltr'>iul&#39;estu</span> <span class='ocrx_word' id='word_1_8' title='bbox 350 529 429 589; x_wconf 90' lang='lat' dir='ltr'>Paris</span> <span class='ocrx_word' id='word_1_9' title='bbox 444 538 487 589; x_wconf 90' lang='lat' dir='ltr'>est</span> <span class='ocrx_word' id='word_1_10' title='bbox 500 533 618 599; x_wconf 87' lang='lat' dir='ltr'>ereptus</span> <span class='ocrx_word' id='word_1_11' title='bbox 632 523 739 580; x_wconf 86' lang='lat' dir='ltr'>Atridae</span> <span class='ocrx_word' id='word_1_12' title='bbox 753 546 760 577; x_wconf 75' lang='grc' dir='ltr'><strong>ι</strong></span> <span class='ocrx_word' id='word_1_13' title='bbox 890 513 958 579; x_wconf 63' lang='grc'><strong>’805</strong></span> <span class='ocrx_word' id='word_1_14' title='bbox 987 521 1032 577; x_wconf 80' lang='lat' dir='ltr'>out</span> <span class='ocrx_word' id='word_1_15' title='bbox 1042 524 1108 565; x_wconf 76' lang='lat' dir='ltr'>antea</span> <span class='ocrx_word' id='word_1_16' title='bbox 1124 498 1245 567; x_wconf 73' lang='lat' dir='ltr'>Paris‘est</span> <span class='ocrx_word' id='word_1_17' title='bbox 1263 517 1352 576; x_wconf 76' lang='lat' dir='ltr'>ademp·</span> 
     </span>
    </p>
   </div>
   <div class='ocr_carea' id='block_1_3' title="bbox 67 576 1353 694">
    <p class='ocr_par' dir='ltr' id='par_1_3' title="bbox 67 576 1353 694">
     <span class='ocr_line' id='line_1_3' title="bbox 67 576 1353 694; baseline -0.021 -26"><span class='ocrx_word' id='word_1_18' title='bbox 67 612 105 669; x_wconf 92' lang='lat' dir='ltr'>Et</span> <span class='ocrx_word' id='word_1_19' title='bbox 118 611 291 669; x_wconf 85' lang='lat' dir='ltr'>Diomedeos</span> <span class='ocrx_word' id='word_1_20' title='bbox 304 610 409 667; x_wconf 86' lang='lat' dir='ltr'>AEueas</span> <span class='ocrx_word' id='word_1_21' title='bbox 419 609 531 678; x_wconf 78' lang='lat' dir='ltr'>fugerat</span> <span class='ocrx_word' id='word_1_22' title='bbox 552 619 646 659; x_wconf 85' lang='lat' dir='ltr'><strong>enses.</strong></span> <span class='ocrx_word' id='word_1_23' title='bbox 988 577 1232 684; x_wconf 47' lang='lat' dir='ltr'>ffin‘fflfftt‘ssgffloe</span> <span class='ocrx_word' id='word_1_24' title='bbox 1240 576 1353 694; x_wconf 46' lang='lat' dir='ltr'>femin}</span> 
     </span>
    </p>
   </div>
   <div class='ocr_carea' id='block_1_4' title="bbox 69 676 1353 765">
    <p class='ocr_par' dir='ltr' id='par_1_4' title="bbox 69 676 1353 765">
     <span class='ocr_line' id='line_1_4' title="bbox 69 676 1353 765; baseline -0.009 -17"><span class='ocrx_word' id='word_1_25' title='bbox 69 689 188 751; x_wconf 80' lang='lat' dir='ltr'>Talibus</span> <span class='ocrx_word' id='word_1_26' title='bbox 204 692 275 748; x_wconf 91' lang='lat' dir='ltr'>hanc</span> <span class='ocrx_word' id='word_1_27' title='bbox 284 688 412 765; x_wconf 86' lang='lat' dir='ltr'>genitor:</span> <span class='ocrx_word' id='word_1_28' title='bbox 437 681 502 737; x_wconf 87' lang='lat' dir='ltr'>Sola</span> <span class='ocrx_word' id='word_1_29' title='bbox 515 679 709 753; x_wconf 79' lang='lat' dir='ltr'>insuperabile</span> <span class='ocrx_word' id='word_1_30' title='bbox 723 676 821 747; x_wconf 82' lang='lat' dir='ltr'>fatum,</span> <span class='ocrx_word' id='word_1_31' title='bbox 990 693 1112 740; x_wconf 77' lang='lat' dir='ltr'>Dtunedn.</span> <span class='ocrx_word' id='word_1_32' title='bbox 1137 698 1206 742; x_wconf 74' lang='lat' dir='ltr'>Pater</span> <span class='ocrx_word' id='word_1_33' title='bbox 1216 693 1295 740; x_wconf 74' lang='lat' dir='ltr'>affatur</span> <span class='ocrx_word' id='word_1_34' title='bbox 1305 707 1353 737; x_wconf 75' lang='lat' dir='ltr'>mm</span> 
     </span>
    </p>
   </div>
   <div class='ocr_carea' id='block_1_5' title="bbox 67 749 1355 924">
    <p class='ocr_par' dir='ltr' id='par_1_5' title="bbox 67 749 1355 924">
     <span class='ocr_line' id='line_1_5' title="bbox 67 749 1354 852; baseline -0.016 -24"><span class='ocrx_word' id='word_1_35' title='bbox 67 766 152 838; x_wconf 81' lang='lat' dir='ltr'>Nata,</span> <span class='ocrx_word' id='word_1_36' title='bbox 162 787 280 828; x_wconf 83' lang='lat' dir='ltr'>morere</span> <span class='ocrx_word' id='word_1_37' title='bbox 292 761 398 840; x_wconf 81' lang='lat' dir='ltr'>paras?</span> <span class='ocrx_word' id='word_1_38' title='bbox 419 759 508 816; x_wconf 79' lang='lat' dir='ltr'><strong>intres</strong></span> <span class='ocrx_word' id='word_1_39' title='bbox 522 757 591 815; x_wconf 86' lang='lat' dir='ltr'>licet</span> <span class='ocrx_word' id='word_1_40' title='bbox 603 758 664 831; x_wconf 84' lang='lat' dir='ltr'>ipsa</span> <span class='ocrx_word' id='word_1_41' title='bbox 674 775 806 815; x_wconf 88' lang='lat' dir='ltr'>sororum</span> <span class='ocrx_word' id='word_1_42' title='bbox 991 749 1194 852; x_wconf 57' lang='lat' dir='ltr'>sumpsimus:</span> <span class='ocrx_word' id='word_1_43' title='bbox 1207 755 1270 799; x_wconf 74' lang='lat' dir='ltr'>Fine</span> <span class='ocrx_word' id='word_1_44' title='bbox 1280 751 1354 820; x_wconf 52' lang='lat' dir='ltr'>quru-</span> 
     </span>
     <span class='ocr_line' id='line_1_6' title="bbox 68 812 1355 924; baseline 0.01 -25"><span class='ocrx_word' id='word_1_45' title='bbox 68 847 162 905; x_wconf 81' lang='lat' dir='ltr'>Tecta</span> <span class='ocrx_word' id='word_1_46' title='bbox 175 848 258 906; x_wconf 77' lang='lat' dir='ltr'>trium</span> <span class='ocrx_word' id='word_1_47' title='bbox 270 865 277 912; x_wconf 90' lang='lat'>;</span> <span class='ocrx_word' id='word_1_48' title='bbox 299 856 403 896; x_wconf 90' lang='lat' dir='ltr'>cernes</span> <span class='ocrx_word' id='word_1_49' title='bbox 416 837 476 899; x_wconf 87' lang='lat' dir='ltr'>illic</span> <span class='ocrx_word' id='word_1_50' title='bbox 490 836 635 894; x_wconf 85' lang='lat' dir='ltr'>molimine</span> <span class='ocrx_word' id='word_1_51' title='bbox 649 842 727 894; x_wconf 90' lang='lat' dir='ltr'>vasto</span> <span class='ocrx_word' id='word_1_52' title='bbox 991 822 1061 911; x_wconf 53' lang='lat' dir='ltr'>iiii?</span> <span class='ocrx_word' id='word_1_53' title='bbox 1079 812 1355 924; x_wconf 52' lang='lat' dir='ltr'>Piiiiihiahhitiivdi]</span> 
     </span>
    </p>
   </div>
   <div class='ocr_carea' id='block_1_6' title="bbox 66 913 1353 994">
    <p class='ocr_par' dir='ltr' id='par_1_6' title="bbox 66 913 1353 994">
     <span class='ocr_line' id='line_1_7' title="bbox 66 913 1353 994; baseline -0.007 -14"><span class='ocrx_word' id='word_1_54' title='bbox 66 923 111 982; x_wconf 85' lang='lat' dir='ltr'>Ex</span> <span class='ocrx_word' id='word_1_55' title='bbox 122 945 193 994; x_wconf 73' lang='lat' dir='ltr'>aare,</span> <span class='ocrx_word' id='word_1_56' title='bbox 204 931 234 979; x_wconf 84' lang='lat' dir='ltr'>et</span> <span class='ocrx_word' id='word_1_57' title='bbox 247 919 338 976; x_wconf 90' lang='lat' dir='ltr'>solido</span> <span class='ocrx_word' id='word_1_58' title='bbox 352 935 453 973; x_wconf 88' lang='lat' dir='ltr'>rerum</span> <span class='ocrx_word' id='word_1_59' title='bbox 464 915 602 973; x_wconf 85' lang='lat' dir='ltr'>tabularia</span> <span class='ocrx_word' id='word_1_60' title='bbox 615 913 712 972; x_wconf 89' lang='lat' dir='ltr'>ferro:</span> <span class='ocrx_word' id='word_1_61' title='bbox 906 915 963 969; x_wconf 88' lang='grc'>810</span> <span class='ocrx_word' id='word_1_62' title='bbox 991 939 1039 969; x_wconf 77' lang='lat' dir='ltr'>mos</span> <span class='ocrx_word' id='word_1_63' title='bbox 1056 924 1126 969; x_wconf 80' lang='lat' dir='ltr'>trium</span> <span class='ocrx_word' id='word_1_64' title='bbox 1139 940 1244 970; x_wconf 74' lang='lat' dir='ltr'>sororum</span> <span class='ocrx_word' id='word_1_65' title='bbox 1252 943 1261 978; x_wconf 93' lang='lat'>‚·</span> <span class='ocrx_word' id='word_1_66' title='bbox 1275 927 1306 970; x_wconf 78' lang='lat' dir='ltr'>tot</span> <span class='ocrx_word' id='word_1_67' title='bbox 1320 926 1353 971; x_wconf 76' lang='lat' dir='ltr'>ni·</span> 
     </span>
    </p>
   </div>
   <div class='ocr_carea' id='block_1_7' title="bbox 66 983 1356 1099">
    <p class='ocr_par' dir='ltr' id='par_1_7' title="bbox 66 983 1356 1099">
     <span class='ocr_line' id='line_1_8' title="bbox 66 983 1355 1086; baseline -0.009 -26"><span class='ocrx_word' id='word_1_68' title='bbox 66 1005 138 1074; x_wconf 75' lang='lat' dir='ltr'>Quae</span> <span class='ocrx_word' id='word_1_69' title='bbox 149 1017 245 1075; x_wconf 88' lang='lat' dir='ltr'>neque</span> <span class='ocrx_word' id='word_1_70' title='bbox 259 1014 430 1055; x_wconf 89' lang='lat' dir='ltr'>concursum</span> <span class='ocrx_word' id='word_1_71' title='bbox 445 994 520 1064; x_wconf 87' lang='lat' dir='ltr'>coeli,</span> <span class='ocrx_word' id='word_1_72' title='bbox 535 1012 630 1069; x_wconf 88' lang='lat' dir='ltr'>neque</span> <span class='ocrx_word' id='word_1_73' title='bbox 644 993 768 1051; x_wconf 89' lang='lat' dir='ltr'>fulminis</span> <span class='ocrx_word' id='word_1_74' title='bbox 783 994 864 1062; x_wconf 83' lang='lat' dir='ltr'>iram,</span> <span class='ocrx_word' id='word_1_75' title='bbox 993 983 1248 1086; x_wconf 48' lang='grc' dir='ltr'>ζξξὶξζξῗζξωζᾜ</span> <span class='ocrx_word' id='word_1_76' title='bbox 1262 983 1307 1085; x_wconf 47' lang='grc' dir='ltr'>(ᾖξ’</span> <span class='ocrx_word' id='word_1_77' title='bbox 1317 983 1355 1028; x_wconf 69' lang='lat'>‘¹²&#39;</span> 
     </span>
     <span class='ocr_line' id='line_1_9' title="bbox 1247 1041 1356 1099; baseline -0.018 0"><span class='ocrx_word' id='word_1_78' title='bbox 1247 1056 1273 1099; x_wconf 68' lang='lat' dir='ltr'>ss</span> <span class='ocrx_word' id='word_1_79' title='bbox 1303 1041 1356 1098; x_wconf 79' lang='lat' dir='ltr'>fir·</span> 
     </span>
    </p>
   </div>
   <div class='ocr_carea' id='block_1_8' title="bbox 66 1073 1358 1226">
    <p class='ocr_par' dir='ltr' id='par_1_8' title="bbox 66 1073 1358 1226">
     <span class='ocr_line' id='line_1_10' title="bbox 66 1073 1357 1158; baseline -0.012 -20"><span class='ocrx_word' id='word_1_80' title='bbox 66 1081 131 1138; x_wconf 92' lang='lat' dir='ltr'>Nec</span> <span class='ocrx_word' id='word_1_81' title='bbox 145 1083 276 1136; x_wconf 90' lang='lat' dir='ltr'>metuunt</span> <span class='ocrx_word' id='word_1_82' title='bbox 287 1075 356 1132; x_wconf 91' lang='lat' dir='ltr'>ullas</span> <span class='ocrx_word' id='word_1_83' title='bbox 368 1082 427 1131; x_wconf 87' lang='lat' dir='ltr'>tuta</span> <span class='ocrx_word' id='word_1_84' title='bbox 438 1081 523 1149; x_wconf 88' lang='lat' dir='ltr'>atquc</span> <span class='ocrx_word' id='word_1_85' title='bbox 543 1082 650 1129; x_wconf 81' lang='lat' dir='ltr'>aeterua</span> <span class='ocrx_word' id='word_1_86' title='bbox 661 1073 767 1130; x_wconf 87' lang='lat' dir='ltr'>ruinas.</span> <span class='ocrx_word' id='word_1_87' title='bbox 994 1105 1096 1146; x_wconf 72' lang='lat' dir='ltr'>rosario</span> <span class='ocrx_word' id='word_1_88' title='bbox 1109 1099 1293 1158; x_wconf 55' lang='lat' dir='ltr'>magnitudinis·</span> <span class='ocrx_word' id='word_1_89' title='bbox 1307 1114 1357 1158; x_wconf 73' lang='lat' dir='ltr'>que</span> 
     </span>
     <span class='ocr_line' id='line_1_11' title="bbox 66 1151 1358 1226; baseline -0.012 -11"><span class='ocrx_word' id='word_1_90' title='bbox 66 1157 202 1218; x_wconf 80' lang='lat' dir='ltr'>invenies</span> <span class='ocrx_word' id='word_1_91' title='bbox 215 1156 275 1213; x_wconf 89' lang='lat' dir='ltr'>illic</span> <span class='ocrx_word' id='word_1_92' title='bbox 289 1154 378 1212; x_wconf 88' lang='lat' dir='ltr'>incisa</span> <span class='ocrx_word' id='word_1_93' title='bbox 391 1154 535 1211; x_wconf 87' lang='lat' dir='ltr'>adamante</span> <span class='ocrx_word' id='word_1_94' title='bbox 550 1151 671 1226; x_wconf 87' lang='lat' dir='ltr'>perenni</span> <span class='ocrx_word' id='word_1_95' title='bbox 996 1163 1048 1204; x_wconf 76' lang='lat' dir='ltr'>inte</span> <span class='ocrx_word' id='word_1_96' title='bbox 1058 1164 1124 1218; x_wconf 78' lang='lat' dir='ltr'>atque</span> <span class='ocrx_word' id='word_1_97' title='bbox 1134 1163 1228 1212; x_wconf 69' lang='lat' dir='ltr'>eterne,</span> <span class='ocrx_word' id='word_1_98' title='bbox 1244 1172 1313 1216; x_wconf 79' lang='lat' dir='ltr'>neque</span> <span class='ocrx_word' id='word_1_99' title='bbox 1323 1171 1358 1201; x_wconf 79' lang='lat' dir='ltr'>re-</span> 
     </span>
    </p>
   </div>
   <div class='ocr_carea' id='block_1_9' title="bbox 67 1215 1358 1333">
    <p class='ocr_par' dir='ltr' id='par_1_9' title="bbox 67 1215 1358 1333">
     <span class='ocr_line' id='line_1_12' title="bbox 67 1215 1357 1320; baseline -0.019 -25"><span class='ocrx_word' id='word_1_100' title='bbox 67 1238 138 1295; x_wconf 83' lang='lat' dir='ltr'>Fata</span> <span class='ocrx_word' id='word_1_101' title='bbox 151 1236 191 1294; x_wconf 94' lang='lat' dir='ltr'>tui</span> <span class='ocrx_word' id='word_1_102' title='bbox 202 1233 326 1310; x_wconf 84' lang='lat' dir='ltr'>generis.</span> <span class='ocrx_word' id='word_1_103' title='bbox 368 1232 437 1307; x_wconf 83' lang='lat' dir='ltr'>Legi</span> <span class='ocrx_word' id='word_1_104' title='bbox 451 1232 514 1307; x_wconf 92' lang='lat' dir='ltr'>ipse</span> <span class='ocrx_word' id='word_1_105' title='bbox 528 1254 536 1302; x_wconf 68' lang='grc' dir='ltr'><strong><em>ς</em></strong></span> <span class='ocrx_word' id='word_1_106' title='bbox 558 1230 709 1305; x_wconf 88' lang='lat' dir='ltr'>animoque</span> <span class='ocrx_word' id='word_1_107' title='bbox 723 1229 817 1287; x_wconf 84' lang='lat' dir='ltr'>notavi</span> <span class='ocrx_word' id='word_1_108' title='bbox 831 1252 837 1285; x_wconf 81' lang='lat'>2</span> <span class='ocrx_word' id='word_1_109' title='bbox 988 1217 1122 1320; x_wconf 50' lang='lat' dir='ltr'>{president</span> <span class='ocrx_word' id='word_1_110' title='bbox 1149 1218 1284 1301; x_wconf 68' lang='lat' dir='ltr'>callistenen</span> <span class='ocrx_word' id='word_1_111' title='bbox 1309 1215 1357 1260; x_wconf 74' lang='lat' dir='ltr'>cett</span> 
     </span>
     <span class='ocr_line' id='line_1_13' title="bbox 1023 1275 1358 1333; baseline -0.006 -13"><span class='ocrx_word' id='word_1_112' title='bbox 1023 1290 1065 1333; x_wconf 82' lang='lat' dir='ltr'>que</span> <span class='ocrx_word' id='word_1_113' title='bbox 1074 1282 1179 1333; x_wconf 77' lang='lat' dir='ltr'>impetum</span> <span class='ocrx_word' id='word_1_114' title='bbox 1182 1275 1302 1333; x_wconf 73' lang='lat' dir='ltr'>fulminis,</span> <span class='ocrx_word' id='word_1_115' title='bbox 1320 1288 1358 1319; x_wconf 85' lang='lat' dir='ltr'>ne·</span> 
     </span>
    </p>
   </div>
   <div class='ocr_carea' id='block_1_10' title="bbox 64 1308 1391 1703">
    <p class='ocr_par' dir='ltr' id='par_1_10' title="bbox 64 1308 1391 1703">
     <span class='ocr_line' id='line_1_14' title="bbox 64 1308 1356 1393; baseline -0.013 -22"><span class='ocrx_word' id='word_1_116' title='bbox 64 1315 103 1372; x_wconf 87' lang='lat' dir='ltr'>Et</span> <span class='ocrx_word' id='word_1_117' title='bbox 115 1314 239 1373; x_wconf 89' lang='lat' dir='ltr'>referam</span> <span class='ocrx_word' id='word_1_118' title='bbox 253 1335 260 1369; x_wconf 75' lang='grc' dir='ltr'>ε</span> <span class='ocrx_word' id='word_1_119' title='bbox 283 1331 320 1369; x_wconf 93' lang='lat' dir='ltr'>ne</span> <span class='ocrx_word' id='word_1_120' title='bbox 331 1312 368 1368; x_wconf 89' lang='lat' dir='ltr'>sis</span> <span class='ocrx_word' id='word_1_121' title='bbox 380 1313 533 1369; x_wconf 86' lang='lat' dir='ltr'>etiamnum</span> <span class='ocrx_word' id='word_1_122' title='bbox 547 1309 643 1384; x_wconf 82' lang='lat' dir='ltr'>ignara</span> <span class='ocrx_word' id='word_1_123' title='bbox 652 1308 750 1366; x_wconf 82' lang='lat' dir='ltr'>futuri.</span> <span class='ocrx_word' id='word_1_124' title='bbox 910 1308 967 1362; x_wconf 86' lang='grc'>815</span> <span class='ocrx_word' id='word_1_125' title='bbox 997 1349 1038 1393; x_wconf 80' lang='lat' dir='ltr'>que</span> <span class='ocrx_word' id='word_1_126' title='bbox 1047 1336 1108 1381; x_wconf 53' lang='lat' dir='ltr'>mm</span> <span class='ocrx_word' id='word_1_127' title='bbox 1116 1336 1205 1380; x_wconf 77' lang='lat' dir='ltr'>ruinae.</span> <span class='ocrx_word' id='word_1_128' title='bbox 1235 1333 1288 1378; x_wconf 58' lang='lat' dir='ltr'>mic</span> <span class='ocrx_word' id='word_1_129' title='bbox 1297 1346 1356 1388; x_wconf 57' lang='lat' dir='ltr'>rm,</span> 
     </span>
     <span class='ocr_line' id='line_1_15' title="bbox 68 1385 1357 1470; baseline -0.013 -18"><span class='ocrx_word' id='word_1_130' title='bbox 68 1393 125 1452; x_wconf 89' lang='lat' dir='ltr'>Hic</span> <span class='ocrx_word' id='word_1_131' title='bbox 135 1413 187 1451; x_wconf 85' lang='lat' dir='ltr'>sua</span> <span class='ocrx_word' id='word_1_132' title='bbox 197 1391 356 1466; x_wconf 91' lang='lat' dir='ltr'>complevit</span> <span class='ocrx_word' id='word_1_133' title='bbox 370 1391 437 1470; x_wconf 93' lang='lat' dir='ltr'>(pro</span> <span class='ocrx_word' id='word_1_134' title='bbox 449 1409 517 1466; x_wconf 91' lang='lat' dir='ltr'>quo,</span> <span class='ocrx_word' id='word_1_135' title='bbox 528 1387 686 1464; x_wconf 84' lang='lat' dir='ltr'>Cytherea,</span> <span class='ocrx_word' id='word_1_136' title='bbox 700 1385 828 1461; x_wconf 81' lang='lat' dir='ltr'>laboras)</span> <span class='ocrx_word' id='word_1_137' title='bbox 996 1395 1041 1439; x_wconf 74' lang='lat' dir='ltr'>ries</span> <span class='ocrx_word' id='word_1_138' title='bbox 1059 1398 1131 1439; x_wconf 76' lang='lat' dir='ltr'>sortes</span> <span class='ocrx_word' id='word_1_139' title='bbox 1152 1398 1195 1438; x_wconf 80' lang='lat' dir='ltr'>tue</span> <span class='ocrx_word' id='word_1_140' title='bbox 1221 1391 1303 1461; x_wconf 68' lang='lat' dir='ltr'>noetis</span> <span class='ocrx_word' id='word_1_141' title='bbox 1320 1391 1357 1458; x_wconf 66' lang='lat' dir='ltr'>tn-</span> 
     </span>
     <span class='ocr_line' id='line_1_16' title="bbox 69 1449 1391 1556; baseline -0.01 -26"><span class='ocrx_word' id='word_1_142' title='bbox 69 1473 227 1548; x_wconf 88' lang='lat' dir='ltr'>Tempora,</span> <span class='ocrx_word' id='word_1_143' title='bbox 241 1468 389 1546; x_wconf 82' lang='lat' dir='ltr'>perfectis,</span> <span class='ocrx_word' id='word_1_144' title='bbox 405 1488 475 1545; x_wconf 90' lang='lat' dir='ltr'>quos</span> <span class='ocrx_word' id='word_1_145' title='bbox 489 1476 575 1525; x_wconf 72' lang='lat' dir='ltr'>terras</span> <span class='ocrx_word' id='word_1_146' title='bbox 590 1467 698 1536; x_wconf 84' lang='lat' dir='ltr'>debuit,</span> <span class='ocrx_word' id='word_1_147' title='bbox 720 1464 827 1524; x_wconf 71' lang='lat' dir='ltr'>annis.l</span> <span class='ocrx_word' id='word_1_148' title='bbox 987 1449 1359 1556; x_wconf 35' lang='lat' dir='ltr'>¹pmlpltmedpmannmvntanu:</span> <span class='ocrx_word' id='word_1_149' title='bbox 1389 1534 1391 1538; x_wconf 15' lang='lat' dir='ltr'>s</span> 
     </span>
     <span class='ocr_line' id='line_1_17' title="bbox 69 1521 1359 1628; baseline -0.013 -19"><span class='ocrx_word' id='word_1_150' title='bbox 69 1551 111 1609; x_wconf 93' lang='lat' dir='ltr'>Ut</span> <span class='ocrx_word' id='word_1_151' title='bbox 123 1551 193 1609; x_wconf 89' lang='lat' dir='ltr'>deus</span> <span class='ocrx_word' id='word_1_152' title='bbox 208 1550 324 1608; x_wconf 88' lang='lat' dir='ltr'>accedat</span> <span class='ocrx_word' id='word_1_153' title='bbox 338 1548 423 1616; x_wconf 87' lang='lat' dir='ltr'>coelo,</span> <span class='ocrx_word' id='word_1_154' title='bbox 436 1547 609 1622; x_wconf 86' lang='lat' dir='ltr'>templisque</span> <span class='ocrx_word' id='word_1_155' title='bbox 621 1546 741 1613; x_wconf 87' lang='lat' dir='ltr'>colatur,</span> <span class='ocrx_word' id='word_1_156' title='bbox 997 1526 1054 1614; x_wconf 49' lang='grc' dir='ltr'>ἐξ</span> <span class='ocrx_word' id='word_1_157' title='bbox 1065 1521 1359 1628; x_wconf 46' lang='grc' dir='ltr'>εῇζῃῗαᾳζῖὲξξξζζῑᾞ</span> 
     </span>
     <span class='ocr_line' id='line_1_18' title="bbox 70 1625 1360 1703; baseline -0.013 -19"><span class='ocrx_word' id='word_1_158' title='bbox 70 1629 119 1687; x_wconf 87' lang='lat' dir='ltr'>Tu</span> <span class='ocrx_word' id='word_1_159' title='bbox 132 1629 240 1700; x_wconf 79' lang='lat' dir='ltr'>sacies3</span> <span class='ocrx_word' id='word_1_160' title='bbox 263 1635 402 1703; x_wconf 90' lang='lat' dir='ltr'>natusque</span> <span class='ocrx_word' id='word_1_161' title='bbox 413 1646 490 1694; x_wconf 82' lang='lat' dir='ltr'>suus,</span> <span class='ocrx_word' id='word_1_162' title='bbox 507 1626 556 1702; x_wconf 93' lang='lat' dir='ltr'>qui</span> <span class='ocrx_word' id='word_1_163' title='bbox 570 1625 689 1683; x_wconf 88' lang='lat' dir='ltr'>nominis</span> <span class='ocrx_word' id='word_1_164' title='bbox 704 1625 808 1692; x_wconf 76' lang='lat' dir='ltr'>heres,</span> <span class='ocrx_word' id='word_1_165' title='bbox 995 1636 1101 1674; x_wconf 78' lang='lat' dir='ltr'>eventura</span> <span class='ocrx_word' id='word_1_166' title='bbox 1108 1636 1167 1684; x_wconf 81' lang='lat' dir='ltr'>sunt,</span> <span class='ocrx_word' id='word_1_167' title='bbox 1177 1634 1197 1673; x_wconf 79' lang='lat' dir='ltr'>et</span> <span class='ocrx_word' id='word_1_168' title='bbox 1214 1626 1360 1678; x_wconf 66' lang='lat' dir='ltr'>narratum</span> 
     </span>
    </p>
   </div>
   <div class='ocr_carea' id='block_1_11' title="bbox 70 1683 1361 1805">
    <p class='ocr_par' dir='ltr' id='par_1_11' title="bbox 70 1683 1361 1805">
     <span class='ocr_line' id='line_1_19' title="bbox 70 1683 1361 1805; baseline -0.011 -42"><span class='ocrx_word' id='word_1_169' title='bbox 70 1707 236 1783; x_wconf 88' lang='lat' dir='ltr'>Impositum</span> <span class='ocrx_word' id='word_1_170' title='bbox 249 1706 325 1764; x_wconf 85' lang='lat' dir='ltr'>feret</span> <span class='ocrx_word' id='word_1_171' title='bbox 338 1706 424 1762; x_wconf 86' lang='lat' dir='ltr'>Urbis</span> <span class='ocrx_word' id='word_1_172' title='bbox 439 1723 509 1761; x_wconf 92' lang='lat' dir='ltr'>onus</span> <span class='ocrx_word' id='word_1_173' title='bbox 524 1727 530 1759; x_wconf 91' lang='lat'>:</span> <span class='ocrx_word' id='word_1_174' title='bbox 554 1705 680 1777; x_wconf 83' lang='lat' dir='ltr'>caesique</span> <span class='ocrx_word' id='word_1_175' title='bbox 691 1703 815 1776; x_wconf 88' lang='lat' dir='ltr'>parentis</span> <span class='ocrx_word' id='word_1_176' title='bbox 910 1700 966 1755; x_wconf 69' lang='grc'>800</span> <span class='ocrx_word' id='word_1_177' title='bbox 994 1683 1361 1805; x_wconf 46' lang='lat' dir='ltr'>{fflmgfflghffflssgjv</span> 
     </span>
    </p>
   </div>
   <div class='ocr_carea' id='block_1_12' title="bbox 71 1780 1361 1938">
    <p class='ocr_par' dir='ltr' id='par_1_12' title="bbox 71 1780 1361 1938">
     <span class='ocr_line' id='line_1_20' title="bbox 71 1780 1359 1856; baseline -0.012 -14"><span class='ocrx_word' id='word_1_178' title='bbox 71 1785 132 1843; x_wconf 92' lang='lat' dir='ltr'>Nos</span> <span class='ocrx_word' id='word_1_179' title='bbox 145 1786 174 1845; x_wconf 91' lang='lat' dir='ltr'>in</span> <span class='ocrx_word' id='word_1_180' title='bbox 188 1787 263 1844; x_wconf 87' lang='lat' dir='ltr'>bella</span> <span class='ocrx_word' id='word_1_181' title='bbox 276 1804 342 1841; x_wconf 87' lang='lat' dir='ltr'>suos</span> <span class='ocrx_word' id='word_1_182' title='bbox 356 1782 525 1838; x_wconf 88' lang='lat' dir='ltr'>fortissimus</span> <span class='ocrx_word' id='word_1_183' title='bbox 540 1780 617 1836; x_wconf 90' lang='lat' dir='ltr'>ultor</span> <span class='ocrx_word' id='word_1_184' title='bbox 631 1780 756 1836; x_wconf 89' lang='lat' dir='ltr'>habebit.</span> <span class='ocrx_word' id='word_1_185' title='bbox 997 1804 1256 1856; x_wconf 53' lang='lat' dir='ltr'>claromontensem</span> <span class='ocrx_word' id='word_1_186' title='bbox 1266 1804 1359 1855; x_wconf 79' lang='lat' dir='ltr'>etatem,</span> 
     </span>
     <span class='ocr_line' id='line_1_21' title="bbox 72 1857 1361 1938; baseline -0.013 -19"><span class='ocrx_word' id='word_1_187' title='bbox 72 1864 151 1921; x_wconf 94' lang='lat' dir='ltr'>lllius</span> <span class='ocrx_word' id='word_1_188' title='bbox 165 1863 298 1938; x_wconf 88' lang='lat' dir='ltr'>auspiciis</span> <span class='ocrx_word' id='word_1_189' title='bbox 313 1862 437 1917; x_wconf 81' lang='lat' dir='ltr'>obsessae</span> <span class='ocrx_word' id='word_1_190' title='bbox 452 1857 555 1915; x_wconf 86' lang='lat' dir='ltr'>moenia</span> <span class='ocrx_word' id='word_1_191' title='bbox 568 1876 670 1932; x_wconf 87' lang='lat' dir='ltr'>pacem</span> <span class='ocrx_word' id='word_1_192' title='bbox 997 1861 1080 1906; x_wconf 71' lang='lat' dir='ltr'>exactis</span> <span class='ocrx_word' id='word_1_193' title='bbox 1090 1861 1222 1919; x_wconf 77' lang='lat' dir='ltr'>annisqnos</span> <span class='ocrx_word' id='word_1_194' title='bbox 1232 1859 1307 1903; x_wconf 73' lang='lat' dir='ltr'>delun</span> <span class='ocrx_word' id='word_1_195' title='bbox 1318 1863 1361 1903; x_wconf 82' lang='lat' dir='ltr'>nr-</span> 
     </span>
    </p>
   </div>
   <div class='ocr_carea' id='block_1_13' title="bbox 72 1915 1362 2038">
    <p class='ocr_par' dir='ltr' id='par_1_13' title="bbox 72 1915 1362 2038">
     <span class='ocr_line' id='line_1_22' title="bbox 72 1915 1362 2038; baseline -0.009 -41"><span class='ocrx_word' id='word_1_196' title='bbox 72 1942 155 2000; x_wconf 90' lang='lat' dir='ltr'>Victa</span> <span class='ocrx_word' id='word_1_197' title='bbox 168 1948 268 2017; x_wconf 91' lang='lat' dir='ltr'>petent</span> <span class='ocrx_word' id='word_1_198' title='bbox 280 1939 400 1996; x_wconf 82' lang='lat' dir='ltr'>Mutinae</span> <span class='ocrx_word' id='word_1_199' title='bbox 413 1962 418 1994; x_wconf 93' lang='lat'>:</span> <span class='ocrx_word' id='word_1_200' title='bbox 443 1937 587 1994; x_wconf 84' lang='lat' dir='ltr'>Pharsalia</span> <span class='ocrx_word' id='word_1_201' title='bbox 600 1936 704 1995; x_wconf 88' lang='lat' dir='ltr'>sentiet</span> <span class='ocrx_word' id='word_1_202' title='bbox 721 1937 811 2005; x_wconf 92' lang='lat' dir='ltr'>illum,</span> <span class='ocrx_word' id='word_1_203' title='bbox 997 1936 1038 2038; x_wconf 46' lang='grc' dir='ltr'>ᾖ.</span> <span class='ocrx_word' id='word_1_204' title='bbox 1053 1915 1362 2033; x_wconf 51' lang='lat' dir='ltr'>ffl&#39;lzjmjffiffli</span> 
     </span>
    </p>
   </div>
   <div class='ocr_carea' id='block_1_14' title="bbox 71 2035 1362 2278">
    <p class='ocr_par' dir='ltr' id='par_1_14' title="bbox 71 2035 1362 2278">
     <span class='ocr_line' id='line_1_23' title="bbox 989 2035 1360 2096; baseline -0.016 -13"><span class='ocrx_word' id='word_1_205' title='bbox 989 2039 1050 2096; x_wconf 83' lang='lat' dir='ltr'>perii</span> <span class='ocrx_word' id='word_1_206' title='bbox 1077 2036 1295 2080; x_wconf 75' lang='lat' dir='ltr'>administrationem</span> <span class='ocrx_word' id='word_1_207' title='bbox 1318 2035 1360 2078; x_wconf 87' lang='lat' dir='ltr'>sibi</span> 
     </span>
     <span class='ocr_line' id='line_1_24' title="bbox 74 2092 1362 2156; baseline -0.011 -6"><span class='ocrx_word' id='word_1_208' title='bbox 74 2104 218 2155; x_wconf 72' lang='lat' dir='ltr'>commissum,</span> <span class='ocrx_word' id='word_1_209' title='bbox 230 2102 329 2156; x_wconf 81' lang='lat' dir='ltr'>curabis,</span> <span class='ocrx_word' id='word_1_210' title='bbox 346 2107 373 2146; x_wconf 88' lang='lat' dir='ltr'>ut</span> <span class='ocrx_word' id='word_1_211' title='bbox 388 2102 452 2146; x_wconf 84' lang='lat' dir='ltr'>Deus</span> <span class='ocrx_word' id='word_1_212' title='bbox 470 2101 603 2146; x_wconf 82' lang='lat' dir='ltr'>ascribatur</span> <span class='ocrx_word' id='word_1_213' title='bbox 612 2102 671 2154; x_wconf 85' lang='lat' dir='ltr'>coelo,</span> <span class='ocrx_word' id='word_1_214' title='bbox 688 2105 709 2144; x_wconf 87' lang='lat' dir='ltr'>et</span> <span class='ocrx_word' id='word_1_215' title='bbox 718 2101 842 2146; x_wconf 78' lang='lat' dir='ltr'>honoretur</span> <span class='ocrx_word' id='word_1_216' title='bbox 851 2101 877 2143; x_wconf 78' lang='lat' dir='ltr'>in</span> <span class='ocrx_word' id='word_1_217' title='bbox 887 2100 985 2155; x_wconf 79' lang='lat' dir='ltr'>templis:</span> <span class='ocrx_word' id='word_1_218' title='bbox 1001 2097 1068 2142; x_wconf 84' lang='lat' dir='ltr'>stille</span> <span class='ocrx_word' id='word_1_219' title='bbox 1084 2094 1166 2140; x_wconf 80' lang='lat' dir='ltr'>sinder</span> <span class='ocrx_word' id='word_1_220' title='bbox 1174 2092 1362 2153; x_wconf 77' lang='lat' dir='ltr'>generosissimus</span> 
     </span>
     <span class='ocr_line' id='line_1_25' title="bbox 71 2150 1361 2220; baseline -0.009 -13"><span class='ocrx_word' id='word_1_221' title='bbox 71 2162 147 2220; x_wconf 81' lang='lat' dir='ltr'>petris</span> <span class='ocrx_word' id='word_1_222' title='bbox 156 2160 271 2218; x_wconf 81' lang='lat' dir='ltr'>interfecti</span> <span class='ocrx_word' id='word_1_223' title='bbox 280 2160 368 2206; x_wconf 82' lang='lat' dir='ltr'>habebit</span> <span class='ocrx_word' id='word_1_224' title='bbox 377 2175 418 2205; x_wconf 87' lang='lat' dir='ltr'>nos</span> <span class='ocrx_word' id='word_1_225' title='bbox 428 2160 472 2206; x_wconf 83' lang='lat' dir='ltr'>sibi</span> <span class='ocrx_word' id='word_1_226' title='bbox 481 2160 574 2204; x_wconf 83' lang='lat' dir='ltr'>inbellis</span> <span class='ocrx_word' id='word_1_227' title='bbox 584 2160 690 2215; x_wconf 84' lang='lat' dir='ltr'>faventes,</span> <span class='ocrx_word' id='word_1_228' title='bbox 698 2160 769 2205; x_wconf 80' lang='lat' dir='ltr'>Muri</span> <span class='ocrx_word' id='word_1_229' title='bbox 784 2160 885 2216; x_wconf 69' lang='lat' dir='ltr'>superni</span> <span class='ocrx_word' id='word_1_230' title='bbox 894 2157 994 2203; x_wconf 81' lang='lat' dir='ltr'>Mutine</span> <span class='ocrx_word' id='word_1_231' title='bbox 1007 2155 1119 2202; x_wconf 77' lang='lat' dir='ltr'>obsidione</span> <span class='ocrx_word' id='word_1_232' title='bbox 1129 2167 1212 2212; x_wconf 79' lang='lat' dir='ltr'>presse</span> <span class='ocrx_word' id='word_1_233' title='bbox 1221 2153 1270 2212; x_wconf 78' lang='lat' dir='ltr'>ejus</span> <span class='ocrx_word' id='word_1_234' title='bbox 1285 2150 1361 2209; x_wconf 67' lang='lat' dir='ltr'>aunt-</span> 
     </span>
     <span class='ocr_line' id='line_1_26' title="bbox 73 2218 600 2278; baseline -0.002 -14"><span class='ocrx_word' id='word_1_235' title='bbox 73 2221 115 2267; x_wconf 88' lang='lat' dir='ltr'>ciis</span> <span class='ocrx_word' id='word_1_236' title='bbox 119 2225 195 2278; x_wconf 80' lang='lat' dir='ltr'>petent</span> <span class='ocrx_word' id='word_1_237' title='bbox 200 2233 292 2278; x_wconf 82' lang='lat' dir='ltr'>pacem.-</span> <span class='ocrx_word' id='word_1_238' title='bbox 310 2219 433 2265; x_wconf 81' lang='lat' dir='ltr'>Pharsalia</span> <span class='ocrx_word' id='word_1_239' title='bbox 440 2219 519 2265; x_wconf 83' lang='lat' dir='ltr'>sentiet</span> <span class='ocrx_word' id='word_1_240' title='bbox 527 2218 600 2273; x_wconf 82' lang='lat' dir='ltr'>illurn,</span> 
     </span>
    </p>
   </div>
   <div class='ocr_carea' id='block_1_15' title="bbox 654 2803 797 2899">
    <p class='ocr_par' dir='ltr' id='par_1_15' title="bbox 654 2803 797 2899">
     <span class='ocr_line' id='line_1_27' title="bbox 654 2803 797 2899; baseline 0.014 -2"><span class='ocrx_word' id='word_1_241' title='bbox 654 2803 797 2899; x_wconf 57' lang='lat' dir='ltr'>noun(</span> 
     </span>
    </p>
   </div>
   <div class='ocr_carea' id='block_1_16' title="bbox 55 3030 1409 4686">
    <p class='ocr_par' dir='ltr' id='par_1_16' title="bbox 77 3030 1369 3297">
     <span class='ocr_line' id='line_1_28' title="bbox 111 3030 1366 3101; baseline 0.003 -17"><span class='ocrx_word' id='word_1_242' title='bbox 111 3035 168 3089; x_wconf 84' lang='grc'><strong>805.</strong></span> <span class='ocrx_word' id='word_1_243' title='bbox 184 3030 298 3101; x_wconf 64' lang='lat' dir='ltr'>Atride]</span> <span class='ocrx_word' id='word_1_244' title='bbox 327 3035 453 3092; x_wconf 67' lang='lat' dir='ltr'>Muclus,</span> <span class='ocrx_word' id='word_1_245' title='bbox 477 3033 551 3081; x_wconf 72' lang='lat' dir='ltr'>Atrei</span> <span class='ocrx_word' id='word_1_246' title='bbox 562 3033 625 3094; x_wconf 83' lang='lat' dir='ltr'>filio,</span> <span class='ocrx_word' id='word_1_247' title='bbox 647 3047 706 3083; x_wconf 88' lang='lat' dir='ltr'>cum</span> <span class='ocrx_word' id='word_1_248' title='bbox 739 3045 782 3092; x_wconf 85' lang='lat' dir='ltr'>eat,</span> <span class='ocrx_word' id='word_1_249' title='bbox 796 3037 840 3084; x_wconf 81' lang='lat' dir='ltr'>scd</span> <span class='ocrx_word' id='word_1_250' title='bbox 848 3043 872 3083; x_wconf 86' lang='lat' dir='ltr'>et</span> <span class='ocrx_word' id='word_1_251' title='bbox 880 3034 1039 3097; x_wconf 80' lang='lat' dir='ltr'>persuasione</span> <span class='ocrx_word' id='word_1_252' title='bbox 1051 3034 1121 3099; x_wconf 59' lang='lat' dir='ltr'>uchri</span> <span class='ocrx_word' id='word_1_253' title='bbox 1130 3056 1139 3081; x_wconf 88' lang='lat'>.·</span> <span class='ocrx_word' id='word_1_254' title='bbox 1157 3037 1319 3100; x_wconf 79' lang='lat' dir='ltr'>ereditnmque</span> <span class='ocrx_word' id='word_1_255' title='bbox 1330 3047 1366 3088; x_wconf 84' lang='lat' dir='ltr'>ert</span> 
     </span>
     <span class='ocr_line' id='line_1_29' title="bbox 79 3098 1367 3170; baseline 0.002 -18"><span class='ocrx_word' id='word_1_256' title='bbox 79 3119 131 3170; x_wconf 88' lang='lat' dir='ltr'>quo</span> <span class='ocrx_word' id='word_1_257' title='bbox 144 3115 298 3167; x_wconf 71' lang='lat' dir='ltr'>congressus</span> <span class='ocrx_word' id='word_1_258' title='bbox 311 3101 383 3151; x_wconf 81' lang='lat' dir='ltr'>Paris</span> <span class='ocrx_word' id='word_1_259' title='bbox 392 3098 567 3156; x_wconf 81' lang='lat' dir='ltr'>occubuisset,</span> <span class='ocrx_word' id='word_1_260' title='bbox 586 3099 636 3148; x_wconf 91' lang='lat' dir='ltr'>nisi</span> <span class='ocrx_word' id='word_1_261' title='bbox 645 3115 708 3149; x_wconf 82' lang='lat' dir='ltr'>sux-</span> <span class='ocrx_word' id='word_1_262' title='bbox 740 3104 831 3150; x_wconf 83' lang='lat' dir='ltr'>stellam</span> <span class='ocrx_word' id='word_1_263' title='bbox 844 3102 966 3159; x_wconf 75' lang='lat' dir='ltr'>crinitam,</span> <span class='ocrx_word' id='word_1_264' title='bbox 990 3100 1099 3164; x_wconf 72' lang='lat' dir='ltr'>cuspes</span> <span class='ocrx_word' id='word_1_265' title='bbox 1117 3110 1204 3162; x_wconf 81' lang='lat' dir='ltr'>septem</span> <span class='ocrx_word' id='word_1_266' title='bbox 1226 3105 1367 3164; x_wconf 80' lang='lat' dir='ltr'>diessuleit,</span> 
     </span>
     <span class='ocr_line' id='line_1_30' title="bbox 77 3165 1368 3235; baseline 0 -15"><span class='ocrx_word' id='word_1_267' title='bbox 77 3170 120 3220; x_wconf 92' lang='lat' dir='ltr'>ilio</span> <span class='ocrx_word' id='word_1_268' title='bbox 129 3167 248 3225; x_wconf 86' lang='lat' dir='ltr'>Veneris,</span> <span class='ocrx_word' id='word_1_269' title='bbox 261 3182 319 3232; x_wconf 81' lang='lat' dir='ltr'>quae</span> <span class='ocrx_word' id='word_1_270' title='bbox 332 3166 400 3217; x_wconf 91' lang='lat' dir='ltr'>nube</span> <span class='ocrx_word' id='word_1_271' title='bbox 421 3165 506 3230; x_wconf 92' lang='lat' dir='ltr'>ipsum</span> <span class='ocrx_word' id='word_1_272' title='bbox 519 3165 627 3227; x_wconf 84' lang='lat' dir='ltr'>operuit,</span> <span class='ocrx_word' id='word_1_273' title='bbox 641 3181 707 3215; x_wconf 82' lang='lat' dir='ltr'>rnor-</span> <span class='ocrx_word' id='word_1_274' title='bbox 739 3170 811 3224; x_wconf 84' lang='lat' dir='ltr'>ludis,</span> <span class='ocrx_word' id='word_1_275' title='bbox 822 3183 882 3228; x_wconf 77' lang='lat' dir='ltr'>quos</span> <span class='ocrx_word' id='word_1_276' title='bbox 891 3166 969 3229; x_wconf 75' lang='lat' dir='ltr'>prino</span> <span class='ocrx_word' id='word_1_277' title='bbox 983 3177 1134 3215; x_wconf 78' lang='lat' dir='ltr'>consecratos</span> <span class='ocrx_word' id='word_1_278' title='bbox 1146 3172 1168 3215; x_wconf 81' lang='lat' dir='ltr'>et</span> <span class='ocrx_word' id='word_1_279' title='bbox 1181 3171 1252 3217; x_wconf 82' lang='lat' dir='ltr'>tures</span> <span class='ocrx_word' id='word_1_280' title='bbox 1270 3173 1368 3235; x_wconf 74' lang='lat' dir='ltr'>Augus·</span> 
     </span>
     <span class='ocr_line' id='line_1_31' title="bbox 77 3231 1369 3297; baseline 0.002 -12"><span class='ocrx_word' id='word_1_281' title='bbox 77 3246 132 3286; x_wconf 88' lang='lat' dir='ltr'>tem</span> <span class='ocrx_word' id='word_1_282' title='bbox 142 3231 296 3297; x_wconf 81' lang='lat' dir='ltr'>effugisset:</span> <span class='ocrx_word' id='word_1_283' title='bbox 314 3243 342 3283; x_wconf 93' lang='lat' dir='ltr'>ut</span> <span class='ocrx_word' id='word_1_284' title='bbox 355 3242 442 3283; x_wconf 80' lang='lat' dir='ltr'>narret</span> <span class='ocrx_word' id='word_1_285' title='bbox 451 3234 587 3289; x_wconf 81' lang='lat' dir='ltr'>Homerus,</span> <span class='ocrx_word' id='word_1_286' title='bbox 596 3231 669 3280; x_wconf 82' lang='lat' dir='ltr'>lliad.</span> <span class='ocrx_word' id='word_1_287' title='bbox 683 3233 706 3282; x_wconf 85' lang='grc'><strong>3.</strong></span> <span class='ocrx_word' id='word_1_288' title='bbox 740 3243 779 3281; x_wconf 83' lang='lat' dir='ltr'>tue</span> <span class='ocrx_word' id='word_1_289' title='bbox 791 3235 883 3292; x_wconf 81' lang='lat' dir='ltr'>edebat,</span> <span class='ocrx_word' id='word_1_290' title='bbox 901 3234 1003 3281; x_wconf 72' lang='lat' dir='ltr'>Cesunb</span> <span class='ocrx_word' id='word_1_291' title='bbox 1014 3244 1065 3282; x_wconf 82' lang='lat' dir='ltr'>esee</span> <span class='ocrx_word' id='word_1_292' title='bbox 1078 3236 1180 3281; x_wconf 73' lang='lat' dir='ltr'>ommam</span> <span class='ocrx_word' id='word_1_293' title='bbox 1192 3238 1218 3282; x_wconf 79' lang='lat' dir='ltr'>in</span> <span class='ocrx_word' id='word_1_294' title='bbox 1239 3239 1321 3285; x_wconf 83' lang='lat' dir='ltr'>celum</span> <span class='ocrx_word' id='word_1_295' title='bbox 1332 3255 1369 3287; x_wconf 79' lang='lat' dir='ltr'>re·</span> 
     </span>
    </p>

    <p class='ocr_par' dir='ltr' id='par_1_17' title="bbox 109 3295 1368 3365">
     <span class='ocr_line' id='line_1_32' title="bbox 109 3295 1368 3365; baseline 0.003 -15"><span class='ocrx_word' id='word_1_296' title='bbox 109 3298 166 3350; x_wconf 85' lang='grc'><strong>806.</strong></span> <span class='ocrx_word' id='word_1_297' title='bbox 184 3295 344 3365; x_wconf 76' lang='lat' dir='ltr'>Diomedeos]</span> <span class='ocrx_word' id='word_1_298' title='bbox 375 3301 460 3346; x_wconf 85' lang='lat' dir='ltr'>AEueae</span> <span class='ocrx_word' id='word_1_299' title='bbox 480 3297 557 3346; x_wconf 88' lang='lat' dir='ltr'>etiam</span> <span class='ocrx_word' id='word_1_300' title='bbox 584 3311 631 3346; x_wconf 81' lang='lat' dir='ltr'>suo</span> <span class='ocrx_word' id='word_1_301' title='bbox 658 3298 706 3348; x_wconf 89' lang='lat' dir='ltr'>nisi</span> <span class='ocrx_word' id='word_1_302' title='bbox 741 3302 804 3362; x_wconf 83' lang='lat' dir='ltr'>cepti</span> <span class='ocrx_word' id='word_1_303' title='bbox 814 3322 824 3354; x_wconf 89' lang='lat'>,·</span> <span class='ocrx_word' id='word_1_304' title='bbox 842 3308 871 3347; x_wconf 91' lang='lat' dir='ltr'>ut</span> <span class='ocrx_word' id='word_1_305' title='bbox 883 3298 964 3348; x_wconf 86' lang='lat' dir='ltr'>refert</span> <span class='ocrx_word' id='word_1_306' title='bbox 975 3300 1048 3348; x_wconf 82' lang='lat' dir='ltr'>Suet.</span> <span class='ocrx_word' id='word_1_307' title='bbox 1082 3302 1167 3365; x_wconf 78' lang='lat' dir='ltr'>Atque</span> <span class='ocrx_word' id='word_1_308' title='bbox 1180 3300 1228 3349; x_wconf 72' lang='lat' dir='ltr'>huc</span> <span class='ocrx_word' id='word_1_309' title='bbox 1242 3302 1275 3351; x_wconf 88' lang='lat' dir='ltr'>de</span> <span class='ocrx_word' id='word_1_310' title='bbox 1289 3307 1368 3354; x_wconf 76' lang='lat' dir='ltr'>eausa</span> 
     </span>
    </p>

    <p class='ocr_par' dir='ltr' id='par_1_18' title="bbox 55 3361 1368 3628">
     <span class='ocr_line' id='line_1_33' title="bbox 55 3361 1325 3430; baseline 0 -14"><span class='ocrx_word' id='word_1_311' title='bbox 55 3418 57 3423; x_wconf 75' lang='grc'><strong>,</strong></span> <span class='ocrx_word' id='word_1_312' title='bbox 77 3365 257 3423; x_wconf 83' lang='lat' dir='ltr'>succurrisset,</span> <span class='ocrx_word' id='word_1_313' title='bbox 280 3368 379 3424; x_wconf 82' lang='lat' dir='ltr'>Venus,</span> <span class='ocrx_word' id='word_1_314' title='bbox 394 3363 531 3413; x_wconf 85' lang='lat' dir='ltr'>Diomedes</span> <span class='ocrx_word' id='word_1_315' title='bbox 546 3361 617 3411; x_wconf 91' lang='lat' dir='ltr'>illum</span> <span class='ocrx_word' id='word_1_316' title='bbox 631 3362 707 3412; x_wconf 72' lang='lat' dir='ltr'>facile</span> <span class='ocrx_word' id='word_1_317' title='bbox 741 3364 898 3414; x_wconf 88' lang='lat' dir='ltr'>simulachro</span> <span class='ocrx_word' id='word_1_318' title='bbox 911 3364 968 3430; x_wconf 87' lang='lat' dir='ltr'>ejus</span> <span class='ocrx_word' id='word_1_319' title='bbox 982 3364 1008 3413; x_wconf 91' lang='lat' dir='ltr'>in</span> <span class='ocrx_word' id='word_1_320' title='bbox 1021 3365 1120 3415; x_wconf 86' lang='lat' dir='ltr'>vertice</span> <span class='ocrx_word' id='word_1_321' title='bbox 1133 3365 1238 3416; x_wconf 82' lang='lat' dir='ltr'>additur</span> <span class='ocrx_word' id='word_1_322' title='bbox 1248 3372 1325 3417; x_wconf 81' lang='lat' dir='ltr'>stella.</span> 
     </span>
     <span class='ocr_line' id='line_1_34' title="bbox 76 3427 1367 3497; baseline 0.001 -16"><span class='ocrx_word' id='word_1_323' title='bbox 76 3431 238 3497; x_wconf 83' lang='lat' dir='ltr'>peremisset,</span> <span class='ocrx_word' id='word_1_324' title='bbox 251 3430 380 3482; x_wconf 83' lang='lat' dir='ltr'>referente</span> <span class='ocrx_word' id='word_1_325' title='bbox 393 3429 484 3480; x_wconf 91' lang='lat' dir='ltr'>eodem</span> <span class='ocrx_word' id='word_1_326' title='bbox 506 3432 618 3478; x_wconf 87' lang='lat' dir='ltr'>Homero</span> <span class='ocrx_word' id='word_1_327' title='bbox 630 3430 705 3479; x_wconf 86' lang='lat' dir='ltr'>Iliad.</span> <span class='ocrx_word' id='word_1_328' title='bbox 774 3428 827 3477; x_wconf 87' lang='lat'>819.</span> <span class='ocrx_word' id='word_1_329' title='bbox 845 3427 951 3496; x_wconf 65' lang='lat' dir='ltr'>,Matresl</span> <span class='ocrx_word' id='word_1_330' title='bbox 981 3433 1117 3495; x_wconf 68' lang='lat' dir='ltr'>unguens,</span> <span class='ocrx_word' id='word_1_331' title='bbox 1125 3447 1172 3496; x_wconf 88' lang='lat' dir='ltr'>per</span> <span class='ocrx_word' id='word_1_332' title='bbox 1185 3433 1367 3495; x_wconf 80' lang='lat' dir='ltr'>Adoptionem.</span> 
     </span>
     <span class='ocr_line' id='line_1_35' title="bbox 79 3491 1367 3562; baseline 0.004 -17"><span class='ocrx_word' id='word_1_333' title='bbox 79 3500 103 3546; x_wconf 85' lang='lat'>5.</span> <span class='ocrx_word' id='word_1_334' title='bbox 115 3511 226 3561; x_wconf 78' lang='lat' dir='ltr'>namque</span> <span class='ocrx_word' id='word_1_335' title='bbox 240 3495 284 3546; x_wconf 87' lang='lat' dir='ltr'>ille</span> <span class='ocrx_word' id='word_1_336' title='bbox 297 3498 473 3547; x_wconf 74' lang='lat' dir='ltr'>intes-Grecos</span> <span class='ocrx_word' id='word_1_337' title='bbox 486 3491 706 3554; x_wconf 87' lang='lat' dir='ltr'>fuitfurtissimus,</span> <span class='ocrx_word' id='word_1_338' title='bbox 774 3494 827 3544; x_wconf 81' lang='lat'><strong>820.</strong></span> <span class='ocrx_word' id='word_1_339' title='bbox 850 3493 977 3562; x_wconf 69' lang='lat' dir='ltr'>Curious]</span> <span class='ocrx_word' id='word_1_340' title='bbox 1006 3498 1073 3546; x_wconf 89' lang='lat' dir='ltr'>Belli</span> <span class='ocrx_word' id='word_1_341' title='bbox 1099 3498 1198 3548; x_wconf 89' lang='lat' dir='ltr'>initium</span> <span class='ocrx_word' id='word_1_342' title='bbox 1225 3508 1251 3548; x_wconf 92' lang='lat' dir='ltr'>et</span> <span class='ocrx_word' id='word_1_343' title='bbox 1280 3514 1367 3561; x_wconf 84' lang='lat' dir='ltr'>causa,</span> 
     </span>
     <span class='ocr_line' id='line_1_36' title="bbox 79 3562 1368 3628; baseline -0.001 -14"><span class='ocrx_word' id='word_1_344' title='bbox 79 3563 166 3628; x_wconf 87' lang='lat' dir='ltr'>Ulyssi</span> <span class='ocrx_word' id='word_1_345' title='bbox 178 3563 321 3626; x_wconf 75' lang='lat' dir='ltr'>presertim</span> <span class='ocrx_word' id='word_1_346' title='bbox 335 3563 449 3613; x_wconf 74' lang='lat' dir='ltr'>amicitiis</span> <span class='ocrx_word' id='word_1_347' title='bbox 462 3562 625 3628; x_wconf 88' lang='lat' dir='ltr'>conjunctus.</span> <span class='ocrx_word' id='word_1_348' title='bbox 739 3573 876 3627; x_wconf 79' lang='lat' dir='ltr'>pretextus</span> <span class='ocrx_word' id='word_1_349' title='bbox 899 3564 1000 3621; x_wconf 80' lang='lat' dir='ltr'>saltem,</span> <span class='ocrx_word' id='word_1_350' title='bbox 1022 3565 1151 3613; x_wconf 80' lang='lat' dir='ltr'>Avunculi</span> <span class='ocrx_word' id='word_1_351' title='bbox 1163 3579 1253 3613; x_wconf 90' lang='lat' dir='ltr'>necem</span> <span class='ocrx_word' id='word_1_352' title='bbox 1267 3564 1368 3616; x_wconf 83' lang='lat' dir='ltr'>ulcisci.</span> 
     </span>
    </p>

    <p class='ocr_par' dir='ltr' id='par_1_19' title="bbox 111 3627 1060 3693">
     <span class='ocr_line' id='line_1_37' title="bbox 111 3627 1060 3693; baseline -0.003 -14"><span class='ocrx_word' id='word_1_353' title='bbox 111 3627 168 3679; x_wconf 87' lang='grc'><strong>807.</strong></span> <span class='ocrx_word' id='word_1_354' title='bbox 188 3627 315 3691; x_wconf 66' lang='lat' dir='ltr'>Genitor]</span> <span class='ocrx_word' id='word_1_355' title='bbox 331 3632 439 3693; x_wconf 75' lang='lat' dir='ltr'>Jupiter.</span> <span class='ocrx_word' id='word_1_356' title='bbox 656 3671 658 3675; x_wconf 94' lang='lat'>.</span> <span class='ocrx_word' id='word_1_357' title='bbox 739 3632 810 3678; x_wconf 83' lang='lat' dir='ltr'>Suet.</span> <span class='ocrx_word' id='word_1_358' title='bbox 823 3629 861 3678; x_wconf 94' lang='grc'><strong>10.</strong></span> <span class='ocrx_word' id='word_1_359' title='bbox 873 3630 934 3691; x_wconf 72' lang='lat' dir='ltr'>Cap).</span> <span class='ocrx_word' id='word_1_360' title='bbox 948 3631 1060 3692; x_wconf 80' lang='lat' dir='ltr'>August.</span> 
     </span>
    </p>

    <p class='ocr_par' dir='ltr' id='par_1_20' title="bbox 78 3691 1372 4137">
     <span class='ocr_line' id='line_1_38' title="bbox 113 3691 1368 3761; baseline -0.001 -20"><span class='ocrx_word' id='word_1_361' title='bbox 113 3691 169 3741; x_wconf 84' lang='lat'><strong>808.</strong></span> <span class='ocrx_word' id='word_1_362' title='bbox 187 3693 319 3761; x_wconf 74' lang='lat' dir='ltr'>Sororum]</span> <span class='ocrx_word' id='word_1_363' title='bbox 340 3699 494 3745; x_wconf 76' lang='lat' dir='ltr'>Parcarumz</span> <span class='ocrx_word' id='word_1_364' title='bbox 510 3692 650 3759; x_wconf 88' lang='lat' dir='ltr'>dequibus</span> <span class='ocrx_word' id='word_1_365' title='bbox 663 3711 707 3745; x_wconf 87' lang='lat' dir='ltr'>su·</span> <span class='ocrx_word' id='word_1_366' title='bbox 771 3695 827 3744; x_wconf 72' lang='lat'>823.</span> <span class='ocrx_word' id='word_1_367' title='bbox 844 3692 968 3760; x_wconf 74' lang='lat' dir='ltr'>Munere]</span> <span class='ocrx_word' id='word_1_368' title='bbox 994 3698 1021 3744; x_wconf 91' lang='lat' dir='ltr'>Iu</span> <span class='ocrx_word' id='word_1_369' title='bbox 1034 3699 1066 3745; x_wconf 74' lang='lat' dir='ltr'>eh</span> <span class='ocrx_word' id='word_1_370' title='bbox 1079 3695 1168 3746; x_wconf 76' lang='lat' dir='ltr'>Gallie</span> <span class='ocrx_word' id='word_1_371' title='bbox 1180 3696 1313 3761; x_wconf 75' lang='lat' dir='ltr'>Cisalpine</span> <span class='ocrx_word' id='word_1_372' title='bbox 1326 3714 1368 3749; x_wconf 86' lang='lat' dir='ltr'>ur.</span> 
     </span>
     <span class='ocr_line' id='line_1_39' title="bbox 79 3755 1365 3828; baseline 0.009 -24"><span class='ocrx_word' id='word_1_373' title='bbox 79 3778 136 3828; x_wconf 67' lang='lat' dir='ltr'>pra,</span> <span class='ocrx_word' id='word_1_374' title='bbox 171 3798 173 3805; x_wconf 89' lang='grc'><em>,</em></span> <span class='ocrx_word' id='word_1_375' title='bbox 738 3755 770 3808; x_wconf 87' lang='lat' dir='ltr'>be</span> <span class='ocrx_word' id='word_1_376' title='bbox 785 3762 919 3818; x_wconf 79' lang='lat' dir='ltr'>Antonius,</span> <span class='ocrx_word' id='word_1_377' title='bbox 933 3761 1040 3811; x_wconf 77' lang='lat' dir='ltr'>Caesaris</span> <span class='ocrx_word' id='word_1_378' title='bbox 1062 3770 1218 3813; x_wconf 85' lang='lat' dir='ltr'>testamento</span> <span class='ocrx_word' id='word_1_379' title='bbox 1231 3763 1365 3825; x_wconf 77' lang='lat' dir='ltr'>prelatum</span> 
     </span>
     <span class='ocr_line' id='line_1_40' title="bbox 80 3822 1368 3892; baseline 0.005 -18"><span class='ocrx_word' id='word_1_380' title='bbox 80 3830 85 3845; x_wconf 83' lang='lat'>⁸</span> <span class='ocrx_word' id='word_1_381' title='bbox 112 3827 169 3875; x_wconf 90' lang='grc'><strong>810.</strong></span> <span class='ocrx_word' id='word_1_382' title='bbox 187 3822 343 3892; x_wconf 61' lang='lat' dir='ltr'>Tubertum]</span> <span class='ocrx_word' id='word_1_383' title='bbox 375 3829 557 3890; x_wconf 67' lang='lat' dir='ltr'>ihbnlaripsus</span> <span class='ocrx_word' id='word_1_384' title='bbox 577 3843 655 3877; x_wconf 85' lang='lat' dir='ltr'>uncus</span> <span class='ocrx_word' id='word_1_385' title='bbox 672 3828 709 3877; x_wconf 87' lang='lat' dir='ltr'>in·</span> <span class='ocrx_word' id='word_1_386' title='bbox 742 3827 790 3875; x_wconf 92' lang='lat' dir='ltr'>sibi</span> <span class='ocrx_word' id='word_1_387' title='bbox 801 3827 935 3876; x_wconf 83' lang='lat' dir='ltr'>Octavium</span> <span class='ocrx_word' id='word_1_388' title='bbox 945 3826 1182 3888; x_wconf 86' lang='lat' dir='ltr'>furens,Decimum</span> <span class='ocrx_word' id='word_1_389' title='bbox 1194 3831 1301 3878; x_wconf 88' lang='lat' dir='ltr'>Brutum</span> <span class='ocrx_word' id='word_1_390' title='bbox 1312 3832 1368 3881; x_wconf 83' lang='lat' dir='ltr'>suis</span> 
     </span>
     <span class='ocr_line' id='line_1_41' title="bbox 80 3891 1370 3959; baseline 0.001 -14"><span class='ocrx_word' id='word_1_391' title='bbox 80 3895 188 3959; x_wconf 78' lang='lat' dir='ltr'>telligit,</span> <span class='ocrx_word' id='word_1_392' title='bbox 203 3895 227 3944; x_wconf 92' lang='lat' dir='ltr'>in</span> <span class='ocrx_word' id='word_1_393' title='bbox 240 3907 306 3958; x_wconf 84' lang='lat' dir='ltr'>quas</span> <span class='ocrx_word' id='word_1_394' title='bbox 319 3891 608 3943; x_wconf 82' lang='lat' dir='ltr'>immutabilisfntorum</span> <span class='ocrx_word' id='word_1_395' title='bbox 617 3894 709 3945; x_wconf 86' lang='lat' dir='ltr'>decre·</span> <span class='ocrx_word' id='word_1_396' title='bbox 741 3893 854 3942; x_wconf 86' lang='lat' dir='ltr'>motibus</span> <span class='ocrx_word' id='word_1_397' title='bbox 867 3893 1030 3943; x_wconf 89' lang='lat' dir='ltr'>resistentem</span> <span class='ocrx_word' id='word_1_398' title='bbox 1053 3894 1199 3945; x_wconf 83' lang='lat' dir='ltr'>obsidebat.</span> <span class='ocrx_word' id='word_1_399' title='bbox 1231 3896 1306 3944; x_wconf 92' lang='lat' dir='ltr'>Illum</span> <span class='ocrx_word' id='word_1_400' title='bbox 1321 3898 1370 3947; x_wconf 89' lang='lat' dir='ltr'>Oc·</span> 
     </span>
     <span class='ocr_line' id='line_1_42' title="bbox 78 3957 1372 4024; baseline 0.005 -16"><span class='ocrx_word' id='word_1_401' title='bbox 78 3971 106 4008; x_wconf 78' lang='lat' dir='ltr'>ts</span> <span class='ocrx_word' id='word_1_402' title='bbox 131 3965 227 4018; x_wconf 71' lang='lat' dir='ltr'>Parce,</span> <span class='ocrx_word' id='word_1_403' title='bbox 248 3957 321 4010; x_wconf 85' lang='lat' dir='ltr'>Jovis</span> <span class='ocrx_word' id='word_1_404' title='bbox 344 3959 444 4018; x_wconf 75' lang='lat' dir='ltr'>scribe,</span> <span class='ocrx_word' id='word_1_405' title='bbox 466 3958 509 4021; x_wconf 91' lang='lat' dir='ltr'>(ut</span> <span class='ocrx_word' id='word_1_406' title='bbox 529 3961 644 4010; x_wconf 86' lang='lat' dir='ltr'>nominat</span> <span class='ocrx_word' id='word_1_407' title='bbox 663 3975 708 4011; x_wconf 80' lang='lat' dir='ltr'>eas</span> <span class='ocrx_word' id='word_1_408' title='bbox 741 3960 824 4008; x_wconf 82' lang='lat' dir='ltr'>tarius</span> <span class='ocrx_word' id='word_1_409' title='bbox 840 3959 967 4018; x_wconf 83' lang='lat' dir='ltr'>liberavit,</span> <span class='ocrx_word' id='word_1_410' title='bbox 981 3967 1059 4024; x_wconf 78' lang='lat' dir='ltr'>etque</span> <span class='ocrx_word' id='word_1_411' title='bbox 1072 3961 1209 4011; x_wconf 83' lang='lat' dir='ltr'>Antonium</span> <span class='ocrx_word' id='word_1_412' title='bbox 1220 3960 1372 4014; x_wconf 75' lang='lat' dir='ltr'>castrisex·</span> 
     </span>
     <span class='ocr_line' id='line_1_43' title="bbox 81 4025 789 4137; baseline -0.004 -61"><span class='ocrx_word' id='word_1_413' title='bbox 81 4027 199 4137; x_wconf 71' lang='lat' dir='ltr'>Capella)</span> <span class='ocrx_word' id='word_1_414' title='bbox 214 4025 339 4076; x_wconf 86' lang='lat' dir='ltr'>referunt.</span> <span class='ocrx_word' id='word_1_415' title='bbox 742 4025 789 4076; x_wconf 91' lang='lat' dir='ltr'>uit.</span> 
     </span>
    </p>

    <p class='ocr_par' dir='ltr' id='par_1_21' title="bbox 79 4082 1371 4288">
     <span class='ocr_line' id='line_1_44' title="bbox 132 4082 1370 4161; baseline 0 -22"><span class='ocrx_word' id='word_1_416' title='bbox 132 4092 171 4139; x_wconf 86' lang='grc'><strong>11.</strong></span> <span class='ocrx_word' id='word_1_417' title='bbox 189 4082 358 4154; x_wconf 77' lang='lat' dir='ltr'>Concursum]</span> <span class='ocrx_word' id='word_1_418' title='bbox 378 4092 499 4141; x_wconf 83' lang='lat' dir='ltr'>Tonitrua</span> <span class='ocrx_word' id='word_1_419' title='bbox 511 4091 642 4158; x_wconf 79' lang='lat' dir='ltr'>iutelligit,</span> <span class='ocrx_word' id='word_1_420' title='bbox 655 4091 709 4157; x_wconf 92' lang='lat' dir='ltr'>qui·</span> <span class='ocrx_word' id='word_1_421' title='bbox 775 4091 813 4139; x_wconf 92' lang='lat' dir='ltr'>lb.</span> <span class='ocrx_word' id='word_1_422' title='bbox 829 4091 985 4160; x_wconf 78' lang='lat' dir='ltr'>Plrnrsolc&#39;c]</span> <span class='ocrx_word' id='word_1_423' title='bbox 1004 4097 1142 4160; x_wconf 83' lang='lat' dir='ltr'>Postquam</span> <span class='ocrx_word' id='word_1_424' title='bbox 1152 4094 1265 4144; x_wconf 87' lang='lat' dir='ltr'>animum</span> <span class='ocrx_word' id='word_1_425' title='bbox 1278 4095 1370 4161; x_wconf 76' lang='lat' dir='ltr'>inpar.</span> 
     </span>
     <span class='ocr_line' id='line_1_45' title="bbox 79 4155 1369 4225; baseline 0.008 -19"><span class='ocrx_word' id='word_1_426' title='bbox 79 4158 129 4206; x_wconf 86' lang='lat' dir='ltr'>bus</span> <span class='ocrx_word' id='word_1_427' title='bbox 142 4158 185 4205; x_wconf 76' lang='lat' dir='ltr'>aer</span> <span class='ocrx_word' id='word_1_428' title='bbox 198 4172 246 4213; x_wconf 81' lang='lat' dir='ltr'>non</span> <span class='ocrx_word' id='word_1_429' title='bbox 261 4162 399 4209; x_wconf 74' lang='lat' dir='ltr'>conmnnur</span> <span class='ocrx_word' id='word_1_430' title='bbox 411 4155 497 4217; x_wconf 83' lang='lat' dir='ltr'>modb,</span> <span class='ocrx_word' id='word_1_431' title='bbox 510 4159 558 4208; x_wconf 84' lang='lat' dir='ltr'>sed</span> <span class='ocrx_word' id='word_1_432' title='bbox 567 4160 642 4225; x_wconf 84' lang='lat' dir='ltr'>qussi</span> <span class='ocrx_word' id='word_1_433' title='bbox 656 4175 711 4207; x_wconf 86' lang='lat' dir='ltr'>con-</span> <span class='ocrx_word' id='word_1_434' title='bbox 741 4166 782 4207; x_wconf 91' lang='lat' dir='ltr'>tes</span> <span class='ocrx_word' id='word_1_435' title='bbox 795 4173 884 4208; x_wconf 91' lang='lat' dir='ltr'>omnes</span> <span class='ocrx_word' id='word_1_436' title='bbox 897 4160 1004 4218; x_wconf 82' lang='lat' dir='ltr'>versavi,</span> <span class='ocrx_word' id='word_1_437' title='bbox 1013 4160 1076 4209; x_wconf 87' lang='lat' dir='ltr'>nihil</span> <span class='ocrx_word' id='word_1_438' title='bbox 1088 4160 1157 4209; x_wconf 84' lang='lat' dir='ltr'>aliud</span> <span class='ocrx_word' id='word_1_439' title='bbox 1167 4161 1256 4209; x_wconf 85' lang='lat' dir='ltr'>videre</span> <span class='ocrx_word' id='word_1_440' title='bbox 1265 4176 1307 4212; x_wconf 89' lang='lat' dir='ltr'>me</span> <span class='ocrx_word' id='word_1_441' title='bbox 1320 4164 1369 4216; x_wconf 91' lang='lat' dir='ltr'>hoc</span> 
     </span>
     <span class='ocr_line' id='line_1_46' title="bbox 82 4223 1371 4288; baseline 0.005 -15"><span class='ocrx_word' id='word_1_442' title='bbox 82 4240 181 4273; x_wconf 84' lang='lat' dir='ltr'>currere</span> <span class='ocrx_word' id='word_1_443' title='bbox 194 4223 305 4274; x_wconf 83' lang='lat' dir='ltr'>videtur.</span> <span class='ocrx_word' id='word_1_444' title='bbox 341 4223 381 4271; x_wconf 87' lang='lat' dir='ltr'>Sic</span> <span class='ocrx_word' id='word_1_445' title='bbox 395 4238 462 4286; x_wconf 83' lang='lat' dir='ltr'>saepe</span> <span class='ocrx_word' id='word_1_446' title='bbox 476 4227 621 4275; x_wconf 87' lang='lat' dir='ltr'>Lucretius.</span> <span class='ocrx_word' id='word_1_447' title='bbox 744 4224 768 4272; x_wconf 90' lang='lat' dir='ltr'>in</span> <span class='ocrx_word' id='word_1_448' title='bbox 783 4225 839 4273; x_wconf 88' lang='lat' dir='ltr'>loeo</span> <span class='ocrx_word' id='word_1_449' title='bbox 852 4224 943 4284; x_wconf 67' lang='lat' dir='ltr'>fiteor,</span> <span class='ocrx_word' id='word_1_450' title='bbox 955 4224 1033 4288; x_wconf 75' lang='lat' dir='ltr'>q&#39;uim</span> <span class='ocrx_word' id='word_1_451' title='bbox 1053 4242 1166 4275; x_wconf 83' lang='lat' dir='ltr'>errorem</span> <span class='ocrx_word' id='word_1_452' title='bbox 1180 4241 1269 4276; x_wconf 89' lang='lat' dir='ltr'>eorum</span> <span class='ocrx_word' id='word_1_453' title='bbox 1283 4241 1371 4282; x_wconf 86' lang='lat' dir='ltr'>sucto-</span> 
     </span>
    </p>

    <p class='ocr_par' dir='ltr' id='par_1_22' title="bbox 81 4284 1370 4426">
     <span class='ocr_line' id='line_1_47' title="bbox 113 4284 1370 4356; baseline 0.004 -16"><span class='ocrx_word' id='word_1_454' title='bbox 113 4286 171 4340; x_wconf 82' lang='lat'>816.</span> <span class='ocrx_word' id='word_1_455' title='bbox 189 4285 262 4353; x_wconf 77' lang='lat' dir='ltr'>Suo]</span> <span class='ocrx_word' id='word_1_456' title='bbox 293 4292 349 4340; x_wconf 78' lang='lat' dir='ltr'>Sibi</span> <span class='ocrx_word' id='word_1_457' title='bbox 361 4284 377 4336; x_wconf 81' lang='lat' dir='ltr'>d</span> <span class='ocrx_word' id='word_1_458' title='bbox 385 4290 452 4353; x_wconf 85' lang='lat' dir='ltr'>sctis</span> <span class='ocrx_word' id='word_1_459' title='bbox 472 4293 611 4354; x_wconf 64' lang='lat' dir='ltr'>usngiratm</span> <span class='ocrx_word' id='word_1_460' title='bbox 625 4290 713 4339; x_wconf 83' lang='lat' dir='ltr'>56sn·</span> <span class='ocrx_word' id='word_1_461' title='bbox 742 4305 810 4349; x_wconf 86' lang='lat' dir='ltr'>rum,</span> <span class='ocrx_word' id='word_1_462' title='bbox 832 4292 877 4356; x_wconf 90' lang='lat' dir='ltr'>qui</span> <span class='ocrx_word' id='word_1_463' title='bbox 892 4291 1041 4341; x_wconf 83' lang='lat' dir='ltr'>Pharsalum</span> <span class='ocrx_word' id='word_1_464' title='bbox 1054 4292 1197 4341; x_wconf 73' lang='lat' dir='ltr'>Thessaliae</span> <span class='ocrx_word' id='word_1_465' title='bbox 1209 4294 1309 4354; x_wconf 85' lang='lat' dir='ltr'>urbem,</span> <span class='ocrx_word' id='word_1_466' title='bbox 1325 4296 1370 4345; x_wconf 88' lang='lat' dir='ltr'>ubi</span> 
     </span>
     <span class='ocr_line' id='line_1_48' title="bbox 81 4353 1368 4426; baseline 0.005 -22"><span class='ocrx_word' id='word_1_467' title='bbox 81 4371 128 4404; x_wconf 91' lang='lat' dir='ltr'>nos</span> <span class='ocrx_word' id='word_1_468' title='bbox 142 4354 252 4404; x_wconf 85' lang='lat' dir='ltr'>scilicet.</span> <span class='ocrx_word' id='word_1_469' title='bbox 482 4353 486 4360; x_wconf 83' lang='lat'>&#39;</span> <span class='ocrx_word' id='word_1_470' title='bbox 743 4359 869 4406; x_wconf 74' lang='lat' dir='ltr'>Cererem</span> <span class='ocrx_word' id='word_1_471' title='bbox 881 4358 950 4408; x_wconf 84' lang='lat' dir='ltr'>inter</span> <span class='ocrx_word' id='word_1_472' title='bbox 968 4366 995 4406; x_wconf 89' lang='lat' dir='ltr'>et</span> <span class='ocrx_word' id='word_1_473' title='bbox 1018 4358 1168 4422; x_wconf 85' lang='lat' dir='ltr'>Pompeium</span> <span class='ocrx_word' id='word_1_474' title='bbox 1189 4358 1368 4426; x_wconf 82' lang='lat' dir='ltr'>depugnatum</span> 
     </span>
    </p>

    <p class='ocr_par' dir='ltr' id='par_1_23' title="bbox 80 4416 1384 4618">
     <span class='ocr_line' id='line_1_49' title="bbox 115 4416 1374 4486; baseline 0.008 -21"><span class='ocrx_word' id='word_1_475' title='bbox 115 4418 172 4466; x_wconf 86' lang='grc'><strong>818.</strong></span> <span class='ocrx_word' id='word_1_476' title='bbox 190 4416 314 4484; x_wconf 76' lang='lat' dir='ltr'>Templis]</span> <span class='ocrx_word' id='word_1_477' title='bbox 330 4425 392 4471; x_wconf 80' lang='lat' dir='ltr'>Non</span> <span class='ocrx_word' id='word_1_478' title='bbox 404 4421 469 4471; x_wconf 80' lang='lat' dir='ltr'>modd</span> <span class='ocrx_word' id='word_1_479' title='bbox 483 4425 539 4473; x_wconf 82' lang='lat' dir='ltr'>Scn.</span> <span class='ocrx_word' id='word_1_480' title='bbox 555 4424 627 4472; x_wconf 84' lang='lat' dir='ltr'>Cone.</span> <span class='ocrx_word' id='word_1_481' title='bbox 639 4426 661 4471; x_wconf 82' lang='lat' dir='ltr'>ei</span> <span class='ocrx_word' id='word_1_482' title='bbox 673 4424 711 4472; x_wconf 85' lang='lat' dir='ltr'>di·</span> <span class='ocrx_word' id='word_1_483' title='bbox 744 4430 794 4479; x_wconf 89' lang='lat' dir='ltr'>est,</span> <span class='ocrx_word' id='word_1_484' title='bbox 807 4438 866 4472; x_wconf 94' lang='lat' dir='ltr'>cum</span> <span class='ocrx_word' id='word_1_485' title='bbox 880 4423 1006 4486; x_wconf 88' lang='lat' dir='ltr'>Philippis</span> <span class='ocrx_word' id='word_1_486' title='bbox 1017 4424 1136 4473; x_wconf 79' lang='lat' dir='ltr'>Thraciae</span> <span class='ocrx_word' id='word_1_487' title='bbox 1148 4425 1190 4472; x_wconf 89' lang='lat' dir='ltr'>ubi</span> <span class='ocrx_word' id='word_1_488' title='bbox 1202 4426 1261 4474; x_wconf 90' lang='lat' dir='ltr'>victi</span> <span class='ocrx_word' id='word_1_489' title='bbox 1274 4429 1374 4476; x_wconf 86' lang='lat' dir='ltr'>Brutus</span> 
     </span>
     <span class='ocr_line' id='line_1_50' title="bbox 80 4488 1371 4549; baseline 0.005 -13"><span class='ocrx_word' id='word_1_490' title='bbox 80 4490 143 4536; x_wconf 80' lang='lat' dir='ltr'>cina</span> <span class='ocrx_word' id='word_1_491' title='bbox 154 4488 227 4535; x_wconf 86' lang='lat' dir='ltr'>simul</span> <span class='ocrx_word' id='word_1_492' title='bbox 239 4495 310 4547; x_wconf 79' lang='lat' dir='ltr'>atque</span> <span class='ocrx_word' id='word_1_493' title='bbox 332 4490 437 4538; x_wconf 79' lang='grc' dir='ltr'><strong>Ιιιιιιιαιιιι</strong></span> <span class='ocrx_word' id='word_1_494' title='bbox 450 4495 530 4538; x_wconf 74' lang='lat' dir='ltr'>orneris</span> <span class='ocrx_word' id='word_1_495' title='bbox 550 4493 656 4545; x_wconf 77' lang='lat' dir='ltr'>rlecretu,</span> <span class='ocrx_word' id='word_1_496' title='bbox 669 4499 713 4538; x_wconf 83' lang='lat' dir='ltr'>unt</span> <span class='ocrx_word' id='word_1_497' title='bbox 745 4498 773 4537; x_wconf 85' lang='lat' dir='ltr'>et</span> <span class='ocrx_word' id='word_1_498' title='bbox 782 4491 884 4538; x_wconf 84' lang='lat' dir='ltr'>Cassius</span> <span class='ocrx_word' id='word_1_499' title='bbox 897 4489 1060 4548; x_wconf 75' lang='lat' dir='ltr'>ebor-tario,</span> <span class='ocrx_word' id='word_1_500' title='bbox 1077 4499 1104 4540; x_wconf 91' lang='lat' dir='ltr'>et</span> <span class='ocrx_word' id='word_1_501' title='bbox 1114 4492 1236 4549; x_wconf 80' lang='lat' dir='ltr'>Antonio,</span> <span class='ocrx_word' id='word_1_502' title='bbox 1248 4488 1371 4542; x_wconf 85' lang='lat' dir='ltr'>confude-</span> 
     </span>
     <span class='ocr_line' id='line_1_51' title="bbox 81 4554 1384 4618; baseline -0.002 -15"><span class='ocrx_word' id='word_1_503' title='bbox 81 4558 108 4603; x_wconf 84' lang='grc' dir='ltr'>ιἰι</span> <span class='ocrx_word' id='word_1_504' title='bbox 123 4556 231 4603; x_wconf 83' lang='lat' dir='ltr'>Deorum</span> <span class='ocrx_word' id='word_1_505' title='bbox 244 4558 563 4613; x_wconf 77' lang='lat' dir='ltr'>nunernm,rlecarnentium</span> <span class='ocrx_word' id='word_1_506' title='bbox 572 4572 612 4604; x_wconf 81' lang='lat' dir='ltr'>ore</span> <span class='ocrx_word' id='word_1_507' title='bbox 621 4558 713 4605; x_wconf 80' lang='lat' dir='ltr'>celatus</span> <span class='ocrx_word' id='word_1_508' title='bbox 746 4564 820 4610; x_wconf 84' lang='lat' dir='ltr'>runt;</span> <span class='ocrx_word' id='word_1_509' title='bbox 837 4554 895 4613; x_wconf 87' lang='lat' dir='ltr'>uisi,</span> <span class='ocrx_word' id='word_1_510' title='bbox 909 4562 936 4602; x_wconf 88' lang='lat' dir='ltr'>ut</span> <span class='ocrx_word' id='word_1_511' title='bbox 950 4557 1085 4618; x_wconf 71' lang='lat' dir='ltr'>poetarum</span> <span class='ocrx_word' id='word_1_512' title='bbox 1098 4572 1154 4606; x_wconf 85' lang='lat' dir='ltr'>mos</span> <span class='ocrx_word' id='word_1_513' title='bbox 1165 4557 1384 4612; x_wconf 42' lang='lat' dir='ltr'>esuriemus&amp;</span> 
     </span>
    </p>

    <p class='ocr_par' dir='ltr' id='par_1_24' title="bbox 1194 4616 1409 4686">
     <span class='ocr_line' id='line_1_52' title="bbox 1194 4616 1409 4686; baseline -0.033 -15"><span class='ocrx_word' id='word_1_514' title='bbox 1194 4616 1409 4686; x_wconf 49' lang='lat' dir='ltr'>liminium).</span> 
     </span>
    </p>
   </div>
   <div class='ocr_carea' id='block_1_17' title="bbox 0 0 1459 4860">
    <p class='ocr_par' dir='ltr' id='par_1_25' title="bbox 0 0 1459 4860">
     <span class='ocr_line' id='line_1_53' title="bbox 0 0 1459 4860; baseline 0 0"><span class='ocrx_word' id='word_1_515' title='bbox 0 0 1459 4860; x_wconf 95' lang='lat' dir='ltr'> </span> 
     </span>
    </p>
   </div>
  </div>
 </body>
</html>
