2894 4860
647 299 780 362 INDEX.
1251 326 1255 333 ¹
1337 320 1354 359 r
1414 318 1417 323 ·

80 457 177 522 Pallas
187 464 215 521 in
228 463 349 520 vetulam

79 538 219 600 Telorum
228 539 344 599 Palladis
355 538 696 616 Arachnesqnedescrip-

120 621 161 678 tio

81 694 197 755 llaemns
211 705 240 756 et
253 698 391 774 Rhodope
404 698 434 756 in
445 703 555 756 montes

84 772 210 852 Pygmaea
224 777 251 833 in
264 797 365 850 gruem

82 853 217 930 Antigone
230 854 258 911 in
271 854 411 914 ciconiam

80 929 191 991 Cinarae
206 932 272 990 filias
282 935 311 991 in
324 950 394 991 snm

79 1008 192 1086 Jupiter
206 1011 235 1068 in
249 1020 364 1069 taurum

79 1092 225 1146 ——in
239 1090 362 1163 aquilam

79 1169 227 1224 --in
242 1186 360 1242 cygnum

79 1245 228 1301 --in
242 1251 364 1320 satyrum

78 1324 224 1379 ——in
239 1324 472 1399 Amphitryouem

77 1401 224 1457 ——in
238 1420 337 1458 aurum

76 1482 226 1537 --in
239 1478 330 1552 ignem

76 1559 226 1615 -in
239 1566 378 1632 pastorem

76 1637 224 1694 --in
234 1646 396 1714 serpentem

75 1712 229 1790 Neptunus
241 1714 269 1771 in
277 1719 434 1793 juvencum

78 1794 503 1871 —inEnipeumllurinm
556 1802 584 1821 ‘¹

78 1875 223 1930 -—in
238 1876 357 1933 arietem

79 1953 222 2009 —-in
238 1972 346 2030 equum

78 2030 221 2088 -—-in
235 2033 401 2108 delphinem

77 2106 179 2183 Apollo
192 2109 221 2168 in
235 2119 379 2187 pastorem

76 2187 222 2246 ·--in
235 2191 400 2266 accipitrem

78 2267 224 2325 ——in
237 2270 350 2328 leonem

76 2339 209 2403 Bacchus
222 2346 249 2404 in
267 2367 350 2407 uram

75 2421 214 2481 Saturnus
227 2426 254 2483 in
268 2446 376 2503 equum

75 2500 208 2559 Arachne
221 2504 249 2562 in
262 2525 393 2566 araneam
499 2542 509 2553 -
588 2541 599 2553 ·

75 2576 185 2638 Niobes
199 2580 323 2642 filiorum
335 2604 412 2645 mors
497 2619 508 2630 ·
588 2618 598 2630 ·

74 2656 241 2733 Amphionis
256 2664 349 2722 exitus

75 2733 171 2795 Niobe
184 2739 213 2796 in
226 2759 350 2801 marmor

75 2814 156 2874 Lcii
170 2819 268 2878 rustici
282 2822 312 2878 in
326 2840 406 2881 renes
498 2857 509 2869 ·
588 2857 599 2869 ·
681 2833 693 2862 Γ

108 2893 195 2953 nrsias
209 2896 236 2955 in
250 2896 370 2959 flurium

74 2971 228 3032 Eburneus
241 2975 358 3054 Pelopis
372 2979 508 3040 humerus
587 3015 598 3026 ·

75 3051 193 3110 Tereus
207 3054 236 3112 in
249 3074 374 3132 upupam

73 3128 188 3188 Procne
201 3132 230 3189 in
245 3134 425 3196 hirundinem

73 3206 234 3268 Philomela
248 3212 275 3269 in
289 3212 435 3274 lusciniam

73 3285 217 3364 Orithyiae
232 3297 328 3366 raptus
407 3327 417 3338 ·
498 3328 508 3338 ·

72 3363 159 3424 Zetes
174 3376 203 3425 et
218 3367 311 3428 Calais
323 3372 387 3430 alati

205 3582 209 3589 '
287 3607 391 3665 mern
414 3609 478 3667 vn.

110 3842 309 3901 DRACONlS
333 3847 431 3905 dentes
454 3847 481 3904 in
500 3848 627 3907 homines
648 3870 691 3908 ur-

148 3931 237 3980 matos
593 3935 689 3986 ram

69 3998 181 4058 Jasonis
194 4002 224 4057 in
237 4003 363 4060 Colchos
383 4005 525 4082 expeditio

69 4075 172 4136 Phinei
185 4082 329 4139 calamitas

69 4155 182 4215 Medeae
195 4178 307 4218 amores

69 4234 161 4293 Tauri
173 4237 269 4311 ignem
282 4237 410 4298 efflantes

68 4310 221 4393 Peryigilis
232 4317 361 4376 draconis
375 4337 461 4398 sopor

68 4389 158 4452 Esou
168 4413 210 4460 ex
220 4413 290 4454 sene
295 4397 413 4472 juvenis
489 4431 501 4443 ·
582 4432 592 4444 ·
674 4407 690 4456 θ.)

66 4467 171 4530 Aridus
186 4474 270 4533 olirae
285 4495 378 4536 ramus
393 4476 420 4535 in
435 4478 554 4535 viridem

594 479 661 519 sss.
681 466 693 517 1
734 461 830 519 Guttae
843 479 923 538 aque
937 461 965 519 in
978 461 1064 519 dores

736 539 870 596 Nutrioes
883 539 987 599 Bacchi
998 559 1034 597 ex
1048 538 1152 596 vetulis
1161 463 1355 615 jannulini

680 622 699 674 2
722 666 725 675 .
739 619 821 676 Aries
830 619 909 676 senio
922 617 1067 677 confectus
1080 618 1108 675 in
1123 636 1222 693 agnum

740 697 932 754 Peliaecaedes
1065 729 1075 740 ·
1155 728 1166 741 ·
1247 729 1258 740 ·
1338 698 1355 749 4
1432 754 1435 759 .

739 776 1025 833 Cerambusinavem
1122 806 1133 819 ·
1213 774 1356 832 -setn

741 855 835 911 Draco
848 855 874 911 in
888 873 985 911 saxum
1063 885 1074 896 ·
1159 884 1168 896 ·
1245 884 1256 896 ·
1336 854 1355 905 7

738 933 884 989 Juvenum
898 934 924 988 in
938 950 1055 990 cervum

740 1009 810 1066 Coae
824 1012 1094 1069 molier-esconium
1136 1044 1147 1055 ·
1228 1043 1237 1055 ·
1320 1013 1356 1067 10

740 1087 845 1145 Telchi
856 1087 918 1143 risu
930 1089 1019 1145 omnia
1031 1096 1167 1149 mutantes
1320 1093 1351 1145 ll

736 1166 845 1243 Hyries
862 1167 937 1223 tilius
951 1168 978 1221 in
991 1185 1109 1242 cygnum
1227 1201 1238 1212 ·
1320 1171 1355 1224 13

737 1245 831 1322 Hyrie
844 1247 872 1304 in
886 1246 979 1303 lacum
1052 1278 1062 1288 -
1140 1281 1149 1291 -
1229 1280 1238 1290 -
1320 1249 1355 1302 14

737 1325 846 1382 Combe
860 1326 887 1382 in
901 1342 983 1382 arem
1031 1342 1034 1348 ·
1101 1356 1111 1366 ·
1230 1330 1305 1383 lbet
1320 1329 1355 1381 16

737 1403 869 1478 Fungiin
883 1403 1011 1460 homines
1141 1435 1150 1446 ·
1230 1436 1239 1446 -
1318 1407 1355 1458 20

738 1481 862 1539 Phineus
874 1483 901 1539 in
913 1499 996 1539 arem

737 1559 874 1635 Periphas
888 1562 915 1619 in
926 1578 1009 1619 arem

737 1637 956 1715 Polyphemonis
969 1637 1027 1698 filia
1038 1640 1067 1698 in
1080 1657 1162 1698 avem

737 1716 839 1775 Medea
853 1720 886 1776 ad
899 1721 1021 1794 AEgeum
1137 1750 1148 1762 ·
1228 1750 1237 1759 ·

737 1794 860 1854 Cerberi
871 1817 970 1874 spuma
979 1801 1007 1854 in
1021 1798 1161 1854 aconitum

738 1872 939 1950 Theseigesta
1047 1907 1058 1919 ·
1137 1908 1148 1920 -
1227 1908 1237 1918 -
1317 1919 1334 1932 .

740 1951 863 2008 Scironis
877 1955 991 2011 latronis
1003 1973 1065 2011 ossa
1075 1956 1102 2010 in
1116 1954 1247 2028 scopulos

738 2028 841 2087 Minois
851 2032 958 2089 bellum
972 2032 999 2089 in
1019 2032 1203 2089 Athenienses

737 2107 860 2166 Sithonis
874 2111 901 2166 in
915 2110 1093 2168 monedulam

736 2186 836 2261 AEgina
847 2189 937 2246 insula
950 2208 1013 2265 quae
1027 2198 1056 2246 et
1070 2189 1188 2250 Oenone

736 2264 818 2322 AEaci
831 2265 881 2324 filii

737 2344 828 2403 Pestis
841 2346 995 2423 descriptio

736 2422 874 2483 Formicae
887 2426 914 2483 in
928 2427 1056 2485 homines

736 2502 856 2580 Cephali
868 2512 896 2562 et
907 2504 1048 2565 Procridis
1059 2505 1153 2564 fabule

736 2581 844 2658 Vulpes
857 2593 886 2642 et
900 2586 975 2643 canis
989 2586 1016 2643 in
1030 2605 1095 2645 saxa

736 2659 878 2720 Procridis
891 2682 965 2721 mors
1045 2698 1056 2711 -
1137 2698 1147 2707 ·
1227 2695 1238 2706 ·

940 2940 1044 2999 LlBRl
1066 2943 1145 3001 Vlll.

773 3217 884 3275 NISUS
918 3217 947 3275 in
979 3218 1140 3277 haliaeetum
1172 3236 1255 3277 avem
1287 3209 1380 3331 ris.;

733 3375 826 3450 Scylla
837 3376 864 3433 in
876 3375 975 3450 Cyrim
988 3395 1069 3434 arem
1365 3364 1382 3414 ⁶

732 3454 899 3529 Labyrinthi
913 3454 1060 3513 Cretensis
1074 3458 1227 3534 descriptio
1336 3463 1353 3514 2
1366 3441 1378 3492 ¹

731 3533 861 3590 Ariadnae
875 3552 980 3592 corona
991 3535 1018 3592 in
1029 3537 1105 3593 sidus
1362 3519 1380 3570 ²

732 3610 979 3671 Daedalivolatus·
1063 3647 1073 3658 -
1154 3649 1163 3657 ·
1244 3648 1254 3657 ·
1333 3597 1380 3697 3¹3

732 3687 804 3746 lcnri
816 3708 889 3749 mors
1354 3679 1378 3728 ¹4

733 3768 822 3825 Talus
833 3789 917 3845 puer,
931 3790 1019 3830 serrae
1033 3772 1190 3848 circinique
1210 3770 1350 3837 inventor,

771 3847 800 3904 in
814 3852 960 3922 perdicem
1348 3836 1380 3890 ²⁵

735 3927 865 3986 Daedalus
876 3932 909 3987 ad
919 3931 1055 3989 Cocalum
1154 3961 1163 3971 ·
1244 3962 1254 3970 -
1333 3913 1376 3982 ¹3⁶

732 4006 803 4081 Apri
816 4007 964 4086 oarynonn
978 4007 1130 4082 descriptio
1347 3993 1381 4047 2⁷

733 4085 867 4145 Atalantae
881 4089 984 4147 Forma
1343 4072 1381 4126 ²8

731 4164 841 4224 Altheae
854 4164 958 4226 fratres
972 4171 990 4226 fs
1004 4165 1149 4244 Meleagro
1160 4172 1225 4228 caesi
1341 4149 1382 4283 {g

666 4275 670 4279 -
732 4242 824 4319 Stipes
839 4246 867 4333 in
881 4265 937 4322 quo
949 4246 1088 4322 Meleagri
1102 4250 1158 4307 rita

732 4321 869 4398 Meleagri
881 4343 955 4383 mors

732 4421 960 4461 -sorores
972 4404 1001 4460 in
1011 4422 1080 4464 ares
1090 4405 1286 4485 Meleagrides

732 4479 859 4545 Naiades
867 4484 898 4546 in
906 4483 1075 4549 Echinadas
1084 4487 1200 4549 insulas
1265 4517 1277 4527 -

1343 4382 1383 4435 32

1333 4494 1336 4499 -
1361 4457 1407 4509 ‘sn
