2894 4860
628 768 785 845 LIBER
811 764 875 844 lll.

693 1049 811 1063 ψ

563 1236 951 1317 ARGUMENTUM.

677 1538 828 1627 4-

208 1872 297 1948 HIC
324 1871 468 1970 Agenor
498 1867 674 1943 Cadmum
692 1867 797 1964 jubet
820 1868 929 1945 tiliam
953 1868 1154 1944 ammissam
1179 1869 1402 1970 investigare.

111 1972 217 2064 Quod
234 1975 319 2046 dum
336 1972 394 2045 ille
419 1969 514 2054 facit,
532 1967 552 2034 e*
569 1967 732 2040 dentibus
755 1967 916 2041 draconis
945 1967 1051 2043 occisi
1068 1968 1103 2041 in
1119 1970 1210 2040 terra
1237 1969 1321 2042 satis
1337 1994 1401 2045 en·

109 2084 273 2142 ascuntur
286 2068 468 2151 homines3
494 2086 573 2136 eum
592 2064 717 2158 quibus
734 2063 792 2134 ille
808 2062 933 2136 deinde
946 2061 1088 2137 Thebas
1104 2065 1269 2139 condidit.
1297 2065 1397 2143 Huic

134 2166 259 2237 rimum
273 2162 373 2234 valde
389 2161 547 2233 luctuosa
565 2157 630 2232 suit
646 2160 781 2255 nepotis
799 2160 975 2233 Actaeonis
991 2159 1027 2232 in
1050 2186 1190 2235 cervum
1207 2164 1333 2237 mutati
1350 2162 1402 2239 ‹ti-

109 2190 297 2337 lbcerutio:
323 2257 481 2357 quamvis
508 2256 640 2329 lunoni
670 2273 768 2353 grata
797 2256 909 2344 suerit,
939 2281 1018 2355 quae
1047 2258 1212 2334 Semelen
1235 2259 1398 2361 pellipom

111 2361 241 2435 oderat.
293 2355 446 2450 Ideoque
471 2354 515 2426 ad
539 2354 649 2450 ipsam
679 2355 743 2426 sub
770 2355 859 2428 faeie
887 2352 1018 2431 Beroes
1043 2356 1187 2431 nutricis
1216 2360 1401 2451 accedens,

110 2472 260 2533 monem
275 2454 327 2528 illi
342 2451 549 2552 procuravit.
601 2449 712 2524 Paulo
724 2469 801 2549 post
812 2453 949 2551 Jupiter
961 2480 1040 2528 eum
1053 2453 1075 2527 J
1078 2480 1193 2529 unone
1206 2439 1401 2554 disperdes,

112 2569 192 2629 utre
203 2552 325 2627 Venus
341 2565 433 2624 esset
447 2548 597 2635 suavior,
615 2547 788 2626 Tiresiam
804 2551 946 2626 adhibet
964 2553 1154 2628 arbitrum:
1180 2555 1401 2652 quandoqui-

112 2653 193 2727 dem
210 2675 331 2725 sexum
361 2663 547 2744 utrumque
573 2646 684 2723 luerat
700 2660 873 2747 expertus.
925 2650 970 2739 ls,
988 2651 1059 2727 leth
1074 2665 1196 2725 eontra
1218 2650 1242 2724 J
1245 2676 1400 2726 unonem

113 2747 297 2837 sententia,
315 2748 358 2819 ab
376 2746 435 2819 illa
451 2744 591 2842 quidem
608 2745 684 2817 visu
701 2748 863 2844 privatus,
889 2748 1014 2821 aJove
1042 2764 1159 2823 autem
1187 2748 1402 2823 vaticinandi

31 2908 38 2923 .
115 2845 296 2922 seientiam
313 2858 519 2916 consecutus
536 2856 598 2914 est.
651 2841 805 2919 Primum
822 2862 939 2920 autem
964 2846 1041 2941 ejus
1055 2846 1234 2920 oraculum
1252 2844 1290 2918 in
1307 2845 1402 2921 Nar-

115 2945 206 3019 cisso
232 2942 493 3039 comprobatum
522 2938 610 3012 luit:
637 2941 792 3034 quicum
821 2944 953 3040 puellas
982 2970 1115 3030 omnm,
1144 2943 1232 3015 inter
1261 2967 1350 3038 quas
1365 2962 1402 3020 et

115 3041 218 3114 Eeho
234 3064 306 3138 prae
322 3039 449 3111 amoris
464 3037 689 3134 impatientis,
708 3039 744 3112 in
761 3066 880 3115 vocem
898 3042 1008 3115 fuerat
1021 3064 1199 3126 conversa,
1216 3054 1399 3141 contemp-

115 3138 240 3221 sisset:
266 3137 320 3211 sui
347 3135 455 3233 ipsius
482 3134 632 3230 denique
648 3160 765 3210 amore
782 3141 1039 3227 contabescens
1055 3140 1090 3212 in
1108 3138 1229 3210 florem
1247 3152 1402 3213 mutatus

117 3248 180 3307 est.
232 3233 408 3309 Pentheus
421 3249 537 3306 tamen
551 3247 664 3305 vatem
683 3235 774 3308 huuc
791 3237 962 3326 irridebat,
974 3260 1183 3334 quamquam
1195 3250 1230 3306 et
1241 3235 1307 3332 ipsi
1318 3261 1402 3309 vera

117 3331 334 3430 proedixerat.
387 3331 481 3406 Nam
498 3331 577 3405 cum
594 3328 725 3408 Bacchi
749 3334 1000 3408 celebrarentur
1017 3335 1138 3433 Orgia,
1155 3331 1212 3406 ille
1229 3333 1402 3407 lamulum

119 3430 292 3525 quendam
318 3455 505 3515 sacrorum,
535 3441 716 3524 postquam
734 3447 857 3505 nautas
873 3434 909 3505 in
926 3434 1036 3529 pisces
1054 3433 1159 3506 fuisse
1176 3431 1402 3504 transforma-

118 3541 175 3601 tos
190 3528 234 3600 ab
249 3553 294 3602 eo
317 3528 544 3619 intellexerat,
561 3523 597 3596 iu
624 3526 763 3603 vincula
786 3529 955 3626 conjecit:
981 3547 1014 3604 et
1030 3531 1111 3603 inde
1129 3531 1151 3600 a
1166 3527 1316 3602 Bacchis
1334 3529 1403 3602 fuit

81 3698 83 3704 .
118 3622 320 3740 discerptus.
372 3624 412 3702 ld
438 3625 531 3722 quod
556 3646 719 3724 magnam
749 3628 841 3728 apud
864 3653 987 3705 omnes
1013 3629 1118 3705 fidem
1136 3628 1241 3703 saeris
1256 3624 1401 3702 concili-

120 3738 202 3797 aut.
