2894 4860
173 382 175 387 ,
350 231 421 241 ”
466 243 1014 396 u.uruurnusonut
1231 398 1233 403 ,
1335 393 1348 425 ἢ

90 504 95 515 ·
238 492 1174 649 ,ΜΕΤΑΜΟΒΡΗοεΕοΝ

448 724 452 733 ’
579 718 813 797 LlBERXl.
1101 746 1104 751 ·

449 1146 900 1258 ‘ascensurum

673 1389 757 1410 vu·-

105 1550 235 1631 HINC
264 1558 344 1629 cdm
372 1550 538 1627 Thraciae
567 1550 731 1624 mulieres
758 1548 1148 1645 illumdiscerpsissent,
1164 1549 1201 1621 in
1224 1551 1368 1630 arbores

58 1672 205 1731 mutate
221 1670 311 1729 sunt.
378 1650 474 1724 Tum
505 1650 669 1723 Bacchus
696 1647 717 1716 ὁ
752 1646 909 1720 Thracia
927 1649 1081 1742 recessit,
1108 1668 1143 1721 et
1162 1644 1274 1745 Midae
1302 1674 1368 1748 pro

57 1754 180 1828 Sileno
193 1753 352 1826 restituto
368 1750 445 1822 auri
461 1749 599 1845 copiam
615 1747 710 1818 lecit.
763 1745 877 1840 Cujus
893 1747 975 1818 crim
1002 1745 1098 1819 illum
1142 1747 1316 1834 (eniteret,
1330 1749 1367 1822 in

56 1851 206 1926 Pactolo
232 1850 337 1933 lotus,
354 1868 492 1919 ‘arenas
508 1845 585 1939 ejus
608 1867 734 1923 aureas
749 1843 909 1917 reddidit.
963 1841 1100 1916 Postea
1118 1773 1276 1920 lhoehus
1304 1873 1368 1945 pro

57 1946 327 2044 iniquojudicio
343 1968 445 2016 aures
459 1941 508 2033 illi
521 1940 677 2015 asininas
692 1941 834 2015 tribuit'
867 1940 951 2033 Quo
968 1941 1074 2032 lacto,
1089 1942 1211 2039 Trojae
1225 1947 1368 2031 moenia,

56 2048 250 2121 humanam
278 2038 431 2117 indutus
450 2042 611 2128 sormam3
642 2040 829 2127 exstruxit..
887 2042 994 2116 Hanc
1026 2044 1152 2116 urbem.
1181 2060 1370 2142 postquam

56 2145 151 2243 cepit
168 2142 356 2235 Hercules,
372 2139 567 2215 Hesionam
581 2134 771 2213 Telamoni
787 2164 932 2233 uxorem
951 2141 1047 2216 dedit
1059 2170 1070 2228 ;
1084 2144 1370 2240 quandoquidem

42 2242 187 2317 ‘Peleus
197 2241 276 2339 jam
302 2239 494 2314 Thetidem
511 2254 590 2338 post
607 2238 737 2327 multas
753 2239 831 2336 ejus
847 2239 1172 2315 transformationes
1197 2244 1370 2317 duxerat:

59 2343 152 2417 etad
164 2338 321 2436 Ceycem
335 2337 655 2437 posteaprofectus‚
670 2336 916 2412 Daedalionem
927 2338 962 2411 in
973 2340 1187 2438 accipitrem,
1199 2358 1234 2412 et
1245 2342 1370 2438 lupum

13 2524 20 2541 x
58 2442 97 2515 in
113 2438 268 2536 lapidem
279 2434 500 2524 conuersum,
514 2436 641 2535 partim
652 2433 883 2524 intellexerat,
896 2437 1022 2535 partim
1037 2439 1110 2535 ipse
1125 2439 1272 2511 viderat.
1299 2439 1370 2511 Ae·

57 2536 146 2612 cidit
162 2534 374 2623 deinde‚'-ut¹
389 2536 562 2634 Alcyone,
592 2536 719 2609 marito
747 2555 826 2635 post
854 2534 1078 2634 naufragium
1108 2538 1174 2609 sub
1204 2534 1371 2637 Morphei

59 2635 176 2734 figora
188 2658 248 2732 per
264 2658 426 2709 somnum
443 2649 643 2735 conspecto,
655 2633 693 2707 in
709 2658 811 2708 avem
829 2635 919 2707 sicut
936 2641 980 2708 et'
991 2634 1147 2722 maritus,
1167 2652 1371 2710 mutaretur.

58 2734 164 2827 Quos
193 2733 230 2807 iu
259 2742 341 2820 aare
371 2732 529 2807 volantes
557 2735 638 2807 cdm
667 2733 995 2825 animadvertissent
1019 2733 1176 2829 quidam,
1201 2733 1370 2812 AEsacum

56 2832 238 2931 quondam
278 2831 315 2905 in
345 2855 540 2931 mergum„
569 2832 633 2930 qui
678 2848 752 2907 tum
811 2830 901 2906 forte
950 2834 1083 2923 aderat,
1133 2833 1373 2910 meminerunt

62 2930 363 3018 transformatum.
458 2942 473 2973 ·’
616 2946 631 2957 ’·
744 2932 750 2943 ’

59 3110 64 3119 ’
99 3106 123 3163 l.
139 3104 296 3163 CAthllN
298 3104 322 3162 E
333 3106 401 3164 dum
413 3105 462 3164 tali
475 3106 571 3178 silvas,
583 3107 749 3185 animosque
763 3109 904 3179 serarum,
1091 3116 1296 3175 rsnrrrrgmro.
1341 3161 1346 3171 .

59 3182 238 3244 Thereicius
248 3192 341 3255 vates,
352 3192 382 3244 et
394 3204 462 3244 saxa
474 3188 625 3263 sequentia
638 3189 717 3245 ducit
731 3233 738 3258 ‚
1004 3162 1375 3280 ,rilpfflmfff'ssam‘ssssf

60 3262 142 3323 Ecce
155 3283 245 3322 nurus
255 3264 398 3324 Ciconum
408 3271 492 3327 tectae
504 3266 649 3343 lymphata
663 3265 762 3327 ferinis
1003 3295 1078 3335 virore,
1087 3280 1304 3340 atqnesemiutem
1318 3281 1372 3326 orn·

61 3341 187 3403 Pectora
199 3344 369 3415 velleribus,
380 3344 483 3403 tumuli
493 3344 529 3404 de
544 3346 656 3404 vertice
669 3356 793 3407 cernunt
1004 3339 1305 3399 tomm‚crmzfitictnucoese
1336 3353 1375 3382 ‘⁷²'

61 3421 183 3500 Orphea
196 3426 342 3501 percussis
355 3425 512 3484 sociantem
525 3425 651 3483 carmina
665 3428 772 3488 nervis.
954 3452 971 3485 o
1006 3450 1208 3517 ttalmrespcetora
1217 3459 1375 3510 mmm

58 3554 257 3612 pellidmserinia
271 3554 394 3603 aetertum
410 3553 672 3617 Orpltenrujttngeutnn
684 3567 764 3604 neruis
779 3553 871 3613 citor-dis
881 3559 969 3605 laclisc'
983 3556 1098 3612 cacumine
1113 3561 1182 3614 tollii.

653 3912 808 3963 ...4-

641 4189 780 4261 NOTAE.

100 4368 126 4419 1.
138 4359 425 4432 Animosqueferorttm]
442 4363 623 4430 Intelligamus
635 4361 704 4414 fero-
770 4364 796 4415 3.
820 4361 916 4416 Numa
942 4362 1083 4434 Ciconum}
1107 4368 1159 4419 Pro
1184 4369 1378 4427 bacchantibus·

63 4449 127 4489 rum
154 4434 286 4485 hommum
309 4434 410 4485 mimos
430 4428 465 4479 ab
489 4431 595 4499 Orpheo
618 4427 703 4482 fnisse
736 4428 857 4483 Thraciis
869 4431 1040 4482 mulieribue=
1057 4435 1138 4498 positi
1150 4436 1213 4490 eunt
1221 4441 1292 4491 enim
1302 4440 1377 4489 0100.

65 4499 199 4557 excultos.
719 4508 785 4548 'nes
797 4498 917 4551 Thracia
928 4498 1018 4562 populi
1030 4499 1066 4551 ad
1077 4504 1206 4557 lemarum
1218 4512 1343 4555 montem.

99 4569 124 4619 2.
142 4562 234 4628 tuto]
247 4564 358 4635 Ontdmu
365 4564 502 4619 Thracius.
1024 4572 1028 4587 ¹

1233 4630 1258 4689 Ε
1272 4633 1376 4709 quinos

957 3434 967 3443 .
1006 3399 1082 3452 lidum
1101 3413 1148 3444 ecce
1167 3399 1260 3447 Cicones
1269 3414 1308 3444 mn
1318 3400 1376 3445 teres
1415 3408 1431 3429 Ι
