2894 4860
434 570 439 579 ,
478 496 542 573 e.
566 466 765 581 ovrnrr
788 490 1067 571 Nasours·

208 726 211 731 ·
281 652 1169 771 METAMORPHOSEON
1186 728 1190 737 ·

471 936 476 947 .
581 877 851 953 emuntur

645 1075 799 1123 -φ-

515 1216 927 1339 ,ΑκσαΜΕΝΤυΜ

117 1564 282 1642 MtNos
298 1564 438 1639 interim
456 1562 654 1637 Alcathoen
673 1562 821 1634 obsidet.
875 1559 959 1651 Qud
976 1565 1091 1661 capta,
1119 1558 1229 1637 Nisus
1245 1562 1281 1637 in
1300 1564 1379 1641 Ha-

65 1666 213 1762 liaetum‚
229 1682 264 1739 et
278 1662 398 1762 Scylla
413 1665 450 1736 in
463 1662 563 1736 Cirin
578 1660 718 1733 luerunt
731 1658 902 1732 translati.
932 1658 1027 1734 Hinc
1040 1662 1075 1734 in
1091 1659 1236 1737 Cretam
1250 1663 1308 1738 il-le
1326 1688 1381 1739 re·

65 1790 185 1841 versus
202 1781 268 1851 est,
293 1764 354 1837 ubi
380 1760 607 1833 Minotaurus
634 1758 835 1852 labyrintho
859 1777 932 1831 erat
950 1760 1129 1833 inclusus:
1157 1760 1276 1852 Quem
1297 1765 1381 1839 edm

68 1862 235 1937 Theseus
252 1860 379 1934 deinde
397 1860 441 1930 de
460 1856 576 1929 medio
603 1854 811 1941 sustulisset,
837 1879 917 1929 cum
937 1857 1090 1930 Ariadne
1108 1859 1144 1930 in
1162 1861 1310 1955 patriam
1329 1889 1383 1936 re·

66 1962 183 2048 diens,
200 1985 280 2035 earn
298 1960 334 2031 in
360 1956 484 2031 itinere
501 1954 697 2050 dereliquit.
753 1950 848 2024 llinc
878 1979 955 2029 eam
982 1954 1148 2030 Bacchus
1178 1961 1380 2058 assumpsit,

69 2062 218 2158 ejusque
234 2056 402 2131 coronam
429 2056 518 2126 inter
535 2054 648 2134 sidera
666 2051 863 2125 collocavit.
918 2051 1037 2127 Icarus
1055 2058 1148 2150 verb,
1165 2058 1247 2129 crim
1267 2082 1312 2131 ex
1328 2059 1383 2133 in-

67 2160 147 2234 sulh
164 2173 351 2231 conaretur
368 2169 446 2253 post
463 2171 596 2250 patrem
624 2151 776 2237 evolare,
794 2153 994 2225 submersus
1011 2173 1088 2247 est3
1115 2154 1263 2253 ejusque
1279 2183 1384 2232 exse·

69 2259 169 2354 quias
185 2256 420 2330 celebrantem
441 2268 575 2350 patrem
594 2250 680 2324 vidit
694 2249 862 2347 perdire&
881 2250 978 2324 Talo'
992 2251 1104 2351 nuper
1122 2254 1382 2331 transformata.

55 2355 235 2434 ‚Theseus
260 2356 403 2441 interea,
422 2352 502 2425 crim
530 2350 630 2425 valde
648 2349 795 2422 celebris
806 2346 883 2444 jam
898 2368 1001 2438 esset,
1020 2354 1062 2424 ad
1083 2376 1205 2449 aprum
1226 2353 1385 2451 Calydo·

69 2455 183 2540 nium,
202 2452 321 2549 (cujus
336 2448 559 2524 interfectore
573 2448 722 2537 sublato,
740 2473 876 2522 sorores
894 2449 970 2545 ejus
987 2453 1022 2523 in
1042 2449 1383 2548 Meleagridecaves

57 2549 226 2633 ,Murato
243 2550 353 2648 sunt,)
371 2550 437 2623 fuit
451 2564 676 2623 convocatus.
730 2545 816 2621 lude
833 2550 876 2622 ad
904 2550 1103 2623 Acheloum
1133 2549 1328 2639 divertitur,
1345 2568 1383 2629 et

70 2649 277 2724 Echinades
291 2648 422 2722 insulas
433 2647 616 2746 conspicit,
628 2647 663 2719 in
677 2669 765 2741 quas
777 2642 811 2717 N
815 2647 936 2721 aiades
946 2664 1045 2720 erant
1057 2670 1248 2721 conversae.
1276 2649 1385 2741 Quod

68 2749 120 2823 ita
137 2747 213 2822 lieri
231 2747 396 2846 potuisse,
415 2743 529 2829 ,Lelex
546 2747 696 2844 primum
714 2745 884 2820 Baucidis
898 2764 933 2819 et
946 2745 1168 2820 Philemonis
1180 2750 1305 2846 probat
1318 2774 1383 2824 ex-

45 2864 50 2873 ·
72 2846 203 2946 amplo,
219 2847 280 2942 qui
297 2846 333 2919 in
350 2848 491 2919 arbores
508 2845 637 2919 fuerint
654 2844 883 2934 commutati3
910 2846 1052 2919 sicutet
1076 2847 1202 2920 domus
1226 2848 1382 2945 ipsorum

71 2946 111 3021 in
129 2946 311 3044 templum,
327 2969 369 3017 ac
388 2969 499 3043 pagus
513 2946 588 3043 ipse
604 2945 639 3017 in
653 2961 826 3041 stagnum.
878 2943 1056 3020 Achelous
1068 2946 1195 3018 deinde
1215 2944 1335 3020 Protei
1350 2964 1387 3023 et

71 3042 219 3119 Mestrae
249 3043 572 3119 transformationes
596 3042 729 3140 adjicit,
756 3070 798 3117 ac
829 3068 911 3116 suas
937 3043 1100 3214 denique,
1135 3045 1263 3140 quibus
1298 3069 1384 3119 usus

72 3145 252 3240 quondam
271 3143 397 3240 fuerat,
410 3144 490 3217 edm
508 3143 621 3242 ipsum
637 3159 811 3242 premeret
829 3140 949 3215 Hercu
965 3168 1013 3230 es,
1032 3142 1145 3241 gratia
1163 3141 1358 3219 Deianirae.

113 3339 130 3393 J
133 3337 190 3396 AM
204 3338 322 3398 nitidum
334 3346 486 3417 relegente
497 3340 585 3410 diem,
599 3340 749 3417 noctisque
763 3339 878 3416 lugnole
1102 3355 1303 3389 nutrimine.

74 3419 227 3495 Tempora
239 3418 387 3489 Lucifero,
399 3420 475 3478 cadit
488 3419 584 3478 Eurus
598 3442 606 3492 ς
628 3427 658 3478 et
671 3420 787 3479 humida
797 3427 917 3496 surgunt
1018 3399 1389 3530 cdr‘uss“⁶'{je⁷nff‚l‘2,”qfefffffl

72 3496 192 3557 Nubila.
236 3498 311 3557 [lant
324 3499 428 3576 placidi
439 3518 556 3558 cursum
570 3500 758 3558 redeuntibus
773 3502 870 3559 Austri
1017 3517 1074 3563 lente
1085 3526 1184 3577 tempora
1196 3524 1269 3564 noctu
1286 3518 1388 3564 subsau-

72 3577 216 3647 AEacidis
231 3577 423 3657 Cephaloque
436 3601 445 3653 3
467 3579 571 3656 quibus
585 3578 710 3638 feliciter
723 3581 778 3639 acti
1019 3577 1245 3683 pessarpldeumu
1259 3581 1389 3682 utque&

70 3688 131 3736 leurs
137 3689 275 3748 permittunt
285 3687 382 3737 reditum
391 3689 679 3749 AEacidiarccerlmlr'brrs,
689 3696 756 3752 atque
765 3691 878 3749 caprola·
893 3691 1000 3752 siquibus
1003 3650 1294 3753 filfrifilnimlhrllgruun'
1324 3666 1334 3679 ι
1379 3652 1387 3681 ⁶

670 3931 825 3981 ..φ-

664 4128 800 4190 NOTAE.

68 4352 75 4363 ι
109 4288 135 4341 2.
152 4287 232 4337 Cadit
244 4284 352 4354 Euroo]
367 4288 418 4346 Qui
430 4289 555 4354 Cephalo,
572 4305 605 4339 ex
619 4290 715 4357 AEginb
781 4293 806 4341 4.
818 4292 961 4363 Alaudis]
977 4296 1110 4351 Militibus
1123 4302 1156 4353 nb
1170 4303 1252 4357 AEaco
1262 4304 1287 4356 in
1299 4287 1392 4357 auxili.

68 4354 167 4414 meula,
182 4353 300 4404 Athenae
312 4355 433 4405 redituro
447 4357 575 4407 adversus
588 4367 654 4407 erut.
747 4376 791 4410 urn
803 4363 920 4413 Athenas
939 4364 1037 4426 missis,
1050 4378 1079 4418 et
1092 4371 1208 4435 Cephalo
1222 4373 1301 4425 datis·
1317 4376 1391 4422 Num

103 4420 144 4500 lb.
156 4417 298 4498 Lucifero]
314 4420 421 4501 Lucifer
435 4423 514 4475 stella
531 4432 574 4474 est
592 4426 715 4486 Veneris,
751 4429 866 4478 'I'ehrmon
871 4430 1010 4494 fraterque
1020 4436 1090 4485 viror
1101 4440 1206 4488 uddello
1216 4440 1352 4501 parabant,
1366 4452 1390 4484 u.

67 4488 573 4557 quinqueerrrntrumrnfrruaterraeque
586 4492 715 4555 proxima.
749 4493 807 4543 676.
816 4495 861 4547 lib.
875 4496 898 4542 7.

1310 4564 1386 4624 Ante
