<?xml version="1.0" encoding="UTF-8"?>
<!DOCTYPE html PUBLIC "-//W3C//DTD XHTML 1.0 Transitional//EN"
    "http://www.w3.org/TR/xhtml1/DTD/xhtml1-transitional.dtd">
<html xmlns="http://www.w3.org/1999/xhtml" xml:lang="en" lang="en">
 <head>
  <title>
</title>
<meta http-equiv="Content-Type" content="text/html;charset=utf-8" />
  <meta name='ocr-system' content='tesseract 3.04.00' />
  <meta name='ocr-capabilities' content='ocr_page ocr_carea ocr_par ocr_line ocrx_word'/>
</head>
<body>
  <div class='ocr_page' id='page_1' title='image "./publiiovidiinas00joygoog_0011.png"; bbox 0 0 2894 4860; ppageno 0'>
   <div class='ocr_carea' id='block_1_1' title="bbox 87 295 792 356">
    <p class='ocr_par' dir='ltr' id='par_1_1' title="bbox 87 295 792 356">
     <span class='ocr_line' id='line_1_1' title="bbox 87 295 792 356; baseline 0.006 -4"><span class='ocrx_word' id='word_1_1' title='bbox 87 295 119 352; x_wconf 83' lang='lat' dir='ltr'>ir</span> <span class='ocrx_word' id='word_1_2' title='bbox 660 296 792 356; x_wconf 83' lang='lat' dir='ltr'>lNDEX.</span> 
     </span>
    </p>
   </div>
   <div class='ocr_carea' id='block_1_2' title="bbox 53 455 1399 4360">
    <p class='ocr_par' dir='ltr' id='par_1_2' title="bbox 53 455 1399 4360">
     <span class='ocr_line' id='line_1_2' title="bbox 88 455 1359 531; baseline -0.001 -18"><span class='ocrx_word' id='word_1_3' title='bbox 88 457 224 531; x_wconf 83' lang='lat' dir='ltr'>Agraulos</span> <span class='ocrx_word' id='word_1_4' title='bbox 238 456 375 531; x_wconf 87' lang='lat' dir='ltr'>Cecropis</span> <span class='ocrx_word' id='word_1_5' title='bbox 389 455 446 512; x_wconf 86' lang='lat' dir='ltr'>tilia</span> <span class='ocrx_word' id='word_1_6' title='bbox 458 456 486 512; x_wconf 95' lang='lat' dir='ltr'>in</span> <span class='ocrx_word' id='word_1_7' title='bbox 499 472 597 514; x_wconf 86' lang='lat' dir='ltr'>saxum</span> <span class='ocrx_word' id='word_1_8' title='bbox 611 474 675 512; x_wconf 76' lang='lat' dir='ltr'>rsa.</span> <span class='ocrx_word' id='word_1_9' title='bbox 744 455 895 515; x_wconf 77' lang='lat' dir='ltr'>Melicerta</span> <span class='ocrx_word' id='word_1_10' title='bbox 907 459 935 516; x_wconf 92' lang='lat' dir='ltr'>iu</span> <span class='ocrx_word' id='word_1_11' title='bbox 952 457 1044 517; x_wconf 83' lang='lat' dir='ltr'>Deum</span> <span class='ocrx_word' id='word_1_12' title='bbox 1057 458 1194 518; x_wconf 90' lang='lat' dir='ltr'>marinum</span> <span class='ocrx_word' id='word_1_13' title='bbox 1246 475 1311 516; x_wconf 71' lang='lat' dir='ltr'>ran.</span> <span class='ocrx_word' id='word_1_14' title='bbox 1328 457 1359 512; x_wconf 92' lang='grc'>11</span> 
     </span>
     <span class='ocr_line' id='line_1_3' title="bbox 671 533 1363 608; baseline 0.013 -19"><span class='ocrx_word' id='word_1_15' title='bbox 671 535 706 589; x_wconf 71' lang='lat' dir='ltr'>la</span> <span class='ocrx_word' id='word_1_16' title='bbox 746 533 871 593; x_wconf 87' lang='lat' dir='ltr'>Comites</span> <span class='ocrx_word' id='word_1_17' title='bbox 886 537 949 594; x_wconf 81' lang='lat' dir='ltr'>laus</span> <span class='ocrx_word' id='word_1_18' title='bbox 962 538 990 608; x_wconf 88' lang='lat' dir='ltr'>in</span> <span class='ocrx_word' id='word_1_19' title='bbox 1003 557 1069 595; x_wconf 86' lang='lat' dir='ltr'>sara</span> <span class='ocrx_word' id='word_1_20' title='bbox 1082 545 1112 594; x_wconf 86' lang='lat' dir='ltr'>et</span> <span class='ocrx_word' id='word_1_21' title='bbox 1124 555 1191 596; x_wconf 83' lang='lat' dir='ltr'>aves</span> <span class='ocrx_word' id='word_1_22' title='bbox 1236 569 1248 581; x_wconf 93' lang='lat'><strong>·</strong></span> <span class='ocrx_word' id='word_1_23' title='bbox 1329 535 1363 591; x_wconf 69' lang='lat'>12</span> 
     </span>
     <span class='ocr_line' id='line_1_4' title="bbox 89 611 1367 690; baseline 0.005 -23"><span class='ocrx_word' id='word_1_24' title='bbox 89 611 205 671; x_wconf 83' lang='lat' dir='ltr'>lnvidiae</span> <span class='ocrx_word' id='word_1_25' title='bbox 219 613 313 669; x_wconf 76' lang='lat' dir='ltr'>domus</span> <span class='ocrx_word' id='word_1_26' title='bbox 328 612 480 689; x_wconf 70' lang='lat' dir='ltr'>descriptio</span> <span class='ocrx_word' id='word_1_27' title='bbox 747 611 869 671; x_wconf 83' lang='lat' dir='ltr'>Cadmus</span> <span class='ocrx_word' id='word_1_28' title='bbox 883 634 947 673; x_wconf 88' lang='lat' dir='ltr'>curn</span> <span class='ocrx_word' id='word_1_29' title='bbox 961 636 1052 674; x_wconf 80' lang='lat' dir='ltr'>uxore</span> <span class='ocrx_word' id='word_1_30' title='bbox 1066 615 1093 672; x_wconf 95' lang='lat' dir='ltr'>in</span> <span class='ocrx_word' id='word_1_31' title='bbox 1107 634 1225 690; x_wconf 85' lang='lat' dir='ltr'><strong>anguem</strong></span> <span class='ocrx_word' id='word_1_32' title='bbox 1329 613 1367 667; x_wconf 79' lang='grc'>13</span> 
     </span>
     <span class='ocr_line' id='line_1_5' title="bbox 90 688 1399 764; baseline 0.004 -16"><span class='ocrx_word' id='word_1_33' title='bbox 90 691 309 749; x_wconf 74' lang='lat' dir='ltr'>—effictio</span> <span class='ocrx_word' id='word_1_34' title='bbox 745 688 860 764; x_wconf 83' lang='lat' dir='ltr'>Jupiter</span> <span class='ocrx_word' id='word_1_35' title='bbox 872 694 899 749; x_wconf 93' lang='lat' dir='ltr'>in</span> <span class='ocrx_word' id='word_1_36' title='bbox 919 714 1017 752; x_wconf 87' lang='lat' dir='ltr'>aurum</span> <span class='ocrx_word' id='word_1_37' title='bbox 1057 727 1068 739; x_wconf 94' lang='lat'><strong>·</strong></span> <span class='ocrx_word' id='word_1_38' title='bbox 1148 725 1158 736; x_wconf 94' lang='lat'>·</span> <span class='ocrx_word' id='word_1_39' title='bbox 1237 724 1248 736; x_wconf 93' lang='lat'>·</span> <span class='ocrx_word' id='word_1_40' title='bbox 1330 691 1399 753; x_wconf 77' lang='lat'>14.</span> 
     </span>
     <span class='ocr_line' id='line_1_6' title="bbox 89 766 1316 845; baseline 0.004 -21"><span class='ocrx_word' id='word_1_41' title='bbox 89 768 204 845; x_wconf 84' lang='lat' dir='ltr'>Jupiter</span> <span class='ocrx_word' id='word_1_42' title='bbox 217 772 243 826; x_wconf 95' lang='lat' dir='ltr'>in</span> <span class='ocrx_word' id='word_1_43' title='bbox 258 778 368 828; x_wconf 89' lang='lat' dir='ltr'>taurum</span> <span class='ocrx_word' id='word_1_44' title='bbox 747 766 846 826; x_wconf 84' lang='lat' dir='ltr'>Persei</span> <span class='ocrx_word' id='word_1_45' title='bbox 859 779 937 844; x_wconf 84' lang='lat' dir='ltr'>gesta</span> <span class='ocrx_word' id='word_1_46' title='bbox 1308 772 1316 778; x_wconf 72' lang='grc'><strong>’</strong></span> 
     </span>
     <span class='ocr_line' id='line_1_7' title="bbox 90 845 1365 927; baseline 0.001 -23"><span class='ocrx_word' id='word_1_47' title='bbox 90 846 205 923; x_wconf 83' lang='lat' dir='ltr'>Europa</span> <span class='ocrx_word' id='word_1_48' title='bbox 230 868 265 905; x_wconf 85' lang='lat' dir='ltr'>ex</span> <span class='ocrx_word' id='word_1_49' title='bbox 294 849 438 907; x_wconf 72' lang='lat' dir='ltr'>Phoenicia</span> <span class='ocrx_word' id='word_1_50' title='bbox 465 847 493 905; x_wconf 92' lang='lat' dir='ltr'>in</span> <span class='ocrx_word' id='word_1_51' title='bbox 519 848 634 907; x_wconf 84' lang='lat' dir='ltr'>Cretam</span> <span class='ocrx_word' id='word_1_52' title='bbox 660 845 707 905; x_wconf 90' lang='lat' dir='ltr'>ad·</span> <span class='ocrx_word' id='word_1_53' title='bbox 746 847 841 904; x_wconf 83' lang='lat' dir='ltr'>Guttae</span> <span class='ocrx_word' id='word_1_54' title='bbox 852 849 991 924; x_wconf 87' lang='lat' dir='ltr'>sanguinis</span> <span class='ocrx_word' id='word_1_55' title='bbox 1009 851 1137 910; x_wconf 81' lang='lat' dir='ltr'>Medusae</span> <span class='ocrx_word' id='word_1_56' title='bbox 1151 849 1249 927; x_wconf 89' lang='lat' dir='ltr'>capitis</span> <span class='ocrx_word' id='word_1_57' title='bbox 1262 847 1291 906; x_wconf 92' lang='lat' dir='ltr'>in</span> <span class='ocrx_word' id='word_1_58' title='bbox 1304 865 1365 908; x_wconf 83' lang='lat' dir='ltr'>ser·</span> 
     </span>
     <span class='ocr_line' id='line_1_8' title="bbox 129 933 885 997; baseline -0.003 -13"><span class='ocrx_word' id='word_1_59' title='bbox 129 933 211 986; x_wconf 81' lang='lat' dir='ltr'>vecta</span> <span class='ocrx_word' id='word_1_60' title='bbox 784 935 885 997; x_wconf 87' lang='lat' dir='ltr'>pentes</span> 
     </span>
     <span class='ocr_line' id='line_1_9' title="bbox 747 1002 1365 1063; baseline 0.005 -6"><span class='ocrx_word' id='word_1_61' title='bbox 747 1002 823 1058; x_wconf 82' lang='lat' dir='ltr'>Atlas</span> <span class='ocrx_word' id='word_1_62' title='bbox 835 1004 861 1059; x_wconf 93' lang='lat' dir='ltr'>in</span> <span class='ocrx_word' id='word_1_63' title='bbox 874 1012 997 1063; x_wconf 88' lang='lat' dir='ltr'>montem</span> <span class='ocrx_word' id='word_1_64' title='bbox 1056 1042 1066 1051; x_wconf 94' lang='lat'>-</span> <span class='ocrx_word' id='word_1_65' title='bbox 1147 1040 1157 1052; x_wconf 91' lang='lat'><strong>·</strong></span> <span class='ocrx_word' id='word_1_66' title='bbox 1237 1037 1247 1049; x_wconf 90' lang='lat'><em>-</em></span> <span class='ocrx_word' id='word_1_67' title='bbox 1287 1032 1292 1040; x_wconf 44' lang='lat'>⁸</span> <span class='ocrx_word' id='word_1_68' title='bbox 1330 1009 1365 1061; x_wconf 86' lang='lat'>15</span> 
     </span>
     <span class='ocr_line' id='line_1_10' title="bbox 746 1081 1364 1162; baseline 0.011 -27"><span class='ocrx_word' id='word_1_69' title='bbox 746 1081 924 1141; x_wconf 86' lang='lat' dir='ltr'>Andromeda</span> <span class='ocrx_word' id='word_1_70' title='bbox 937 1093 1002 1142; x_wconf 92' lang='lat' dir='ltr'>ceto</span> <span class='ocrx_word' id='word_1_71' title='bbox 1016 1088 1143 1162; x_wconf 87' lang='lat' dir='ltr'>exposita</span> <span class='ocrx_word' id='word_1_72' title='bbox 1238 1117 1248 1127; x_wconf 92' lang='lat'>·</span> <span class='ocrx_word' id='word_1_73' title='bbox 1331 1085 1364 1142; x_wconf 86' lang='grc'>16</span> 
     </span>
     <span class='ocr_line' id='line_1_11' title="bbox 313 1157 1036 1233; baseline 0.011 -20"><span class='ocrx_word' id='word_1_74' title='bbox 313 1163 418 1220; x_wconf 65' lang='grc'>1113111</span> <span class='ocrx_word' id='word_1_75' title='bbox 440 1165 492 1220; x_wconf 83' lang='lat' dir='ltr'>Ill,</span> <span class='ocrx_word' id='word_1_76' title='bbox 747 1157 876 1233; x_wconf 87' lang='lat' dir='ltr'>Virgulta</span> <span class='ocrx_word' id='word_1_77' title='bbox 889 1162 916 1218; x_wconf 91' lang='lat' dir='ltr'>in</span> <span class='ocrx_word' id='word_1_78' title='bbox 931 1164 1036 1221; x_wconf 90' lang='lat' dir='ltr'>coralia</span> 
     </span>
     <span class='ocr_line' id='line_1_12' title="bbox 747 1236 1366 1319; baseline 0.006 -28"><span class='ocrx_word' id='word_1_79' title='bbox 747 1236 935 1298; x_wconf 81' lang='lat' dir='ltr'>Andromedae</span> <span class='ocrx_word' id='word_1_80' title='bbox 951 1242 1108 1319; x_wconf 89' lang='lat' dir='ltr'>Perseique</span> <span class='ocrx_word' id='word_1_81' title='bbox 1122 1243 1228 1318; x_wconf 79' lang='lat' dir='ltr'>nuptiae</span> <span class='ocrx_word' id='word_1_82' title='bbox 1331 1242 1366 1295; x_wconf 79' lang='lat'>17</span> 
     </span>
     <span class='ocr_line' id='line_1_13' title="bbox 748 1314 1366 1396; baseline 0.006 -26"><span class='ocrx_word' id='word_1_83' title='bbox 748 1314 872 1389; x_wconf 75' lang='lat' dir='ltr'>Pegasus</span> <span class='ocrx_word' id='word_1_84' title='bbox 896 1338 986 1394; x_wconf 91' lang='lat' dir='ltr'>equus</span> <span class='ocrx_word' id='word_1_85' title='bbox 1009 1322 1127 1379; x_wconf 75' lang='lat' dir='ltr'>alatuse</span> <span class='ocrx_word' id='word_1_86' title='bbox 1148 1320 1281 1396; x_wconf 86' lang='lat' dir='ltr'>sauguine</span> <span class='ocrx_word' id='word_1_87' title='bbox 1303 1317 1366 1375; x_wconf 86' lang='lat' dir='ltr'>Me·</span> 
     </span>
     <span class='ocr_line' id='line_1_14' title="bbox 128 1394 862 1457; baseline 0 -1"><span class='ocrx_word' id='word_1_88' title='bbox 128 1398 324 1456; x_wconf 86' lang='lat' dir='ltr'>DRACONlS</span> <span class='ocrx_word' id='word_1_89' title='bbox 348 1399 446 1456; x_wconf 91' lang='lat' dir='ltr'>dentes</span> <span class='ocrx_word' id='word_1_90' title='bbox 470 1399 497 1455; x_wconf 90' lang='lat' dir='ltr'>in</span> <span class='ocrx_word' id='word_1_91' title='bbox 520 1401 595 1457; x_wconf 89' lang='lat' dir='ltr'>viros</span> <span class='ocrx_word' id='word_1_92' title='bbox 619 1419 707 1456; x_wconf 90' lang='lat' dir='ltr'>arma·</span> <span class='ocrx_word' id='word_1_93' title='bbox 786 1394 862 1450; x_wconf 79' lang='lat' dir='ltr'>dusae</span> 
     </span>
     <span class='ocr_line' id='line_1_15' title="bbox 165 1470 1190 1552; baseline 0.008 -25"><span class='ocrx_word' id='word_1_94' title='bbox 165 1485 209 1535; x_wconf 71' lang='lat' dir='ltr'>tos</span> <span class='ocrx_word' id='word_1_95' title='bbox 608 1482 703 1534; x_wconf 61' lang='lat' dir='ltr'>nrm</span> <span class='ocrx_word' id='word_1_96' title='bbox 748 1470 874 1543; x_wconf 78' lang='lat' dir='ltr'>Medusa</span> <span class='ocrx_word' id='word_1_97' title='bbox 889 1475 985 1551; x_wconf 91' lang='lat' dir='ltr'>capilli</span> <span class='ocrx_word' id='word_1_98' title='bbox 998 1477 1027 1533; x_wconf 93' lang='lat' dir='ltr'>in</span> <span class='ocrx_word' id='word_1_99' title='bbox 1040 1484 1190 1552; x_wconf 88' lang='lat' dir='ltr'>serpentes</span> 
     </span>
     <span class='ocr_line' id='line_1_16' title="bbox 53 1552 982 1624; baseline -0.003 -12"><span class='ocrx_word' id='word_1_100' title='bbox 53 1613 61 1624; x_wconf 78' lang='grc'><strong><em>,</em></strong></span> <span class='ocrx_word' id='word_1_101' title='bbox 88 1555 209 1613; x_wconf 82' lang='lat' dir='ltr'>Cadmus</span> <span class='ocrx_word' id='word_1_102' title='bbox 224 1556 342 1613; x_wconf 85' lang='lat' dir='ltr'>Boeoliae</span> <span class='ocrx_word' id='word_1_103' title='bbox 356 1555 485 1612; x_wconf 90' lang='lat' dir='ltr'>conditor</span> <span class='ocrx_word' id='word_1_104' title='bbox 582 1587 593 1597; x_wconf 94' lang='lat'><strong>·</strong></span> <span class='ocrx_word' id='word_1_105' title='bbox 689 1559 707 1610; x_wconf 69' lang='grc'>2</span> <span class='ocrx_word' id='word_1_106' title='bbox 979 1552 982 1557; x_wconf 78' lang='grc'><strong>’</strong></span> 
     </span>
     <span class='ocr_line' id='line_1_17' title="bbox 86 1634 1123 1728; baseline 0.003 -38"><span class='ocrx_word' id='word_1_107' title='bbox 86 1635 203 1691; x_wconf 82' lang='lat' dir='ltr'>Actaeon</span> <span class='ocrx_word' id='word_1_108' title='bbox 218 1635 245 1692; x_wconf 93' lang='lat' dir='ltr'>in</span> <span class='ocrx_word' id='word_1_109' title='bbox 260 1634 388 1691; x_wconf 83' lang='lat' dir='ltr'>Cervam</span> <span class='ocrx_word' id='word_1_110' title='bbox 972 1670 1076 1728; x_wconf 64' lang='lat' dir='ltr'>LIBRI</span> <span class='ocrx_word' id='word_1_111' title='bbox 1098 1672 1123 1728; x_wconf 77' lang='lat' dir='ltr'>V</span> 
     </span>
     <span class='ocr_line' id='line_1_18' title="bbox 87 1708 1133 1773; baseline 0.002 -5"><span class='ocrx_word' id='word_1_112' title='bbox 87 1712 217 1773; x_wconf 81' lang='lat' dir='ltr'>Bacchus</span> <span class='ocrx_word' id='word_1_113' title='bbox 231 1732 267 1770; x_wconf 84' lang='lat' dir='ltr'>ex</span> <span class='ocrx_word' id='word_1_114' title='bbox 282 1714 395 1771; x_wconf 82' lang='lat' dir='ltr'>Semele</span> <span class='ocrx_word' id='word_1_115' title='bbox 409 1710 508 1770; x_wconf 87' lang='lat' dir='ltr'>Cadmi</span> <span class='ocrx_word' id='word_1_116' title='bbox 522 1708 578 1768; x_wconf 80' lang='lat' dir='ltr'>filia</span> <span class='ocrx_word' id='word_1_117' title='bbox 688 1719 707 1769; x_wconf 88' lang='lat'>3</span> <span class='ocrx_word' id='word_1_118' title='bbox 1127 1715 1133 1729; x_wconf 92' lang='grc'><strong>’</strong></span> 
     </span>
     <span class='ocr_line' id='line_1_19' title="bbox 86 1789 301 1848; baseline 0.023 -5"><span class='ocrx_word' id='word_1_119' title='bbox 86 1789 301 1848; x_wconf 90' lang='lat' dir='ltr'>Junoiuanum</span> 
     </span>
     <span class='ocr_line' id='line_1_20' title="bbox 87 1863 1367 1946; baseline -0.001 -20"><span class='ocrx_word' id='word_1_120' title='bbox 87 1868 193 1926; x_wconf 91' lang='lat' dir='ltr'>Bacchi</span> <span class='ocrx_word' id='word_1_121' title='bbox 207 1869 336 1926; x_wconf 90' lang='lat' dir='ltr'>educatio</span> <span class='ocrx_word' id='word_1_122' title='bbox 786 1863 983 1922; x_wconf 85' lang='lat' dir='ltr'>CEPHENEI</span> <span class='ocrx_word' id='word_1_123' title='bbox 1012 1867 1150 1927; x_wconf 89' lang='lat' dir='ltr'>Perseum</span> <span class='ocrx_word' id='word_1_124' title='bbox 1173 1875 1367 1946; x_wconf 86' lang='lat' dir='ltr'>oppugnantes</span> 
     </span>
     <span class='ocr_line' id='line_1_21' title="bbox 87 1943 1362 2019; baseline 0.003 -18"><span class='ocrx_word' id='word_1_125' title='bbox 87 1945 214 2005; x_wconf 90' lang='lat' dir='ltr'>Tiresias</span> <span class='ocrx_word' id='word_1_126' title='bbox 229 1949 256 2004; x_wconf 92' lang='lat' dir='ltr'>iu</span> <span class='ocrx_word' id='word_1_127' title='bbox 270 1947 411 2005; x_wconf 84' lang='lat' dir='ltr'>soeminam</span> <span class='ocrx_word' id='word_1_128' title='bbox 510 1981 519 1989; x_wconf 96' lang='lat'><em>-</em></span> <span class='ocrx_word' id='word_1_129' title='bbox 600 1980 610 1990; x_wconf 94' lang='lat'>·</span> <span class='ocrx_word' id='word_1_130' title='bbox 690 1953 708 2004; x_wconf 83' lang='lat'><strong>4</strong></span> <span class='ocrx_word' id='word_1_131' title='bbox 825 1943 853 1998; x_wconf 86' lang='lat' dir='ltr'>in</span> <span class='ocrx_word' id='word_1_132' title='bbox 867 1963 932 2002; x_wconf 87' lang='lat' dir='ltr'>saxa</span> <span class='ocrx_word' id='word_1_133' title='bbox 1088 2014 1092 2019; x_wconf 10' lang='lat' dir='ltr'>p</span> <span class='ocrx_word' id='word_1_134' title='bbox 1266 1953 1362 2005; x_wconf 69' lang='lat' dir='ltr'>siml</span> 
     </span>
     <span class='ocr_line' id='line_1_22' title="bbox 87 2019 1227 2102; baseline 0.009 -28"><span class='ocrx_word' id='word_1_135' title='bbox 87 2027 231 2082; x_wconf 77' lang='lat' dir='ltr'>-in</span> <span class='ocrx_word' id='word_1_136' title='bbox 246 2045 352 2083; x_wconf 76' lang='lat' dir='ltr'>marem</span> <span class='ocrx_word' id='word_1_137' title='bbox 749 2019 915 2095; x_wconf 77' lang='lat' dir='ltr'>Cephenslm</span> <span class='ocrx_word' id='word_1_138' title='bbox 929 2024 1060 2082; x_wconf 66' lang='lat' dir='ltr'>tumultis</span> <span class='ocrx_word' id='word_1_139' title='bbox 1074 2025 1227 2102; x_wconf 86' lang='lat' dir='ltr'>descriptio</span> 
     </span>
     <span class='ocr_line' id='line_1_23' title="bbox 86 2097 1272 2178; baseline 0.004 -19"><span class='ocrx_word' id='word_1_140' title='bbox 86 2103 324 2160; x_wconf 81' lang='lat' dir='ltr'>Echoinvocem</span> <span class='ocrx_word' id='word_1_141' title='bbox 418 2137 429 2150; x_wconf 92' lang='lat'><em>-</em></span> <span class='ocrx_word' id='word_1_142' title='bbox 510 2137 520 2147; x_wconf 89' lang='lat'><em>-</em></span> <span class='ocrx_word' id='word_1_143' title='bbox 600 2137 609 2148; x_wconf 90' lang='lat'>-</span> <span class='ocrx_word' id='word_1_144' title='bbox 690 2108 708 2158; x_wconf 90' lang='lat'>5</span> <span class='ocrx_word' id='word_1_145' title='bbox 750 2097 874 2170; x_wconf 89' lang='lat' dir='ltr'>Phineus</span> <span class='ocrx_word' id='word_1_146' title='bbox 888 2100 1001 2178; x_wconf 90' lang='lat' dir='ltr'>Cephei</span> <span class='ocrx_word' id='word_1_147' title='bbox 1013 2101 1103 2162; x_wconf 80' lang='lat' dir='ltr'>frater</span> <span class='ocrx_word' id='word_1_148' title='bbox 1116 2105 1272 2164; x_wconf 86' lang='lat' dir='ltr'>instatuam</span> 
     </span>
     <span class='ocr_line' id='line_1_24' title="bbox 87 2176 1268 2256; baseline 0.001 -18"><span class='ocrx_word' id='word_1_149' title='bbox 87 2181 237 2239; x_wconf 88' lang='lat' dir='ltr'>Narcissus</span> <span class='ocrx_word' id='word_1_150' title='bbox 251 2182 279 2239; x_wconf 88' lang='lat' dir='ltr'>iu</span> <span class='ocrx_word' id='word_1_151' title='bbox 294 2181 395 2240; x_wconf 84' lang='lat' dir='ltr'>florem</span> <span class='ocrx_word' id='word_1_152' title='bbox 509 2214 518 2224; x_wconf 98' lang='lat'>-</span> <span class='ocrx_word' id='word_1_153' title='bbox 600 2216 610 2226; x_wconf 90' lang='lat'><strong>·</strong></span> <span class='ocrx_word' id='word_1_154' title='bbox 645 2218 655 2241; x_wconf 81' lang='grc'><strong>.</strong></span> <span class='ocrx_word' id='word_1_155' title='bbox 689 2185 707 2239; x_wconf 92' lang='grc'><strong>6</strong></span> <span class='ocrx_word' id='word_1_156' title='bbox 749 2176 869 2234; x_wconf 77' lang='lat' dir='ltr'>Proteus</span> <span class='ocrx_word' id='word_1_157' title='bbox 884 2179 913 2236; x_wconf 87' lang='lat' dir='ltr'>in</span> <span class='ocrx_word' id='word_1_158' title='bbox 927 2180 1050 2256; x_wconf 90' lang='lat' dir='ltr'>lapidem</span> <span class='ocrx_word' id='word_1_159' title='bbox 1168 2216 1179 2227; x_wconf 90' lang='lat'><em>-</em></span> <span class='ocrx_word' id='word_1_160' title='bbox 1257 2215 1268 2225; x_wconf 94' lang='lat'><strong>·</strong></span> 
     </span>
     <span class='ocr_line' id='line_1_25' title="bbox 86 2254 1270 2330; baseline -0.001 -14"><span class='ocrx_word' id='word_1_161' title='bbox 86 2259 231 2317; x_wconf 88' lang='lat' dir='ltr'>Pentheus</span> <span class='ocrx_word' id='word_1_162' title='bbox 244 2268 343 2318; x_wconf 88' lang='lat' dir='ltr'>contra</span> <span class='ocrx_word' id='word_1_163' title='bbox 356 2260 500 2318; x_wconf 84' lang='lat' dir='ltr'>Bacchum</span> <span class='ocrx_word' id='word_1_164' title='bbox 512 2258 610 2317; x_wconf 86' lang='lat' dir='ltr'>sarens</span> <span class='ocrx_word' id='word_1_165' title='bbox 690 2254 1072 2330; x_wconf 85' lang='lat' dir='ltr'>7Polydectesiusaxum</span> <span class='ocrx_word' id='word_1_166' title='bbox 1169 2294 1180 2304; x_wconf 93' lang='lat'><strong>·</strong></span> <span class='ocrx_word' id='word_1_167' title='bbox 1259 2293 1270 2304; x_wconf 91' lang='lat'><em>-</em></span> 
     </span>
     <span class='ocr_line' id='line_1_26' title="bbox 86 2332 1214 2416; baseline 0.004 -22"><span class='ocrx_word' id='word_1_168' title='bbox 86 2337 258 2395; x_wconf 89' lang='lat' dir='ltr'>Bacchusin</span> <span class='ocrx_word' id='word_1_169' title='bbox 273 2357 427 2414; x_wconf 90' lang='lat' dir='ltr'>puerum·</span> <span class='ocrx_word' id='word_1_170' title='bbox 507 2371 518 2382; x_wconf 92' lang='lat'><strong>·</strong></span> <span class='ocrx_word' id='word_1_171' title='bbox 598 2371 608 2382; x_wconf 91' lang='lat'><strong>·</strong></span> <span class='ocrx_word' id='word_1_172' title='bbox 689 2343 706 2395; x_wconf 83' lang='lat'>8</span> <span class='ocrx_word' id='word_1_173' title='bbox 748 2332 950 2408; x_wconf 87' lang='lat' dir='ltr'>Hippocrenes</span> <span class='ocrx_word' id='word_1_174' title='bbox 964 2336 1047 2395; x_wconf 87' lang='lat' dir='ltr'>sontis</span> <span class='ocrx_word' id='word_1_175' title='bbox 1060 2338 1214 2416; x_wconf 89' lang='lat' dir='ltr'>descriptio</span> 
     </span>
     <span class='ocr_line' id='line_1_27' title="bbox 87 2410 1064 2493; baseline 0.005 -23"><span class='ocrx_word' id='word_1_176' title='bbox 87 2415 235 2493; x_wconf 86' lang='lat' dir='ltr'>Tyrrheni</span> <span class='ocrx_word' id='word_1_177' title='bbox 248 2424 339 2474; x_wconf 88' lang='lat' dir='ltr'>nautae</span> <span class='ocrx_word' id='word_1_178' title='bbox 356 2417 384 2474; x_wconf 92' lang='lat' dir='ltr'>in</span> <span class='ocrx_word' id='word_1_179' title='bbox 403 2416 551 2492; x_wconf 92' lang='lat' dir='ltr'>delphinos</span> <span class='ocrx_word' id='word_1_180' title='bbox 673 2423 708 2474; x_wconf 87' lang='grc'>10</span> <span class='ocrx_word' id='word_1_181' title='bbox 748 2410 873 2486; x_wconf 78' lang='lat' dir='ltr'>Pyrenei</span> <span class='ocrx_word' id='word_1_182' title='bbox 886 2416 1064 2492; x_wconf 85' lang='lat' dir='ltr'>sacrilegium</span> 
     </span>
     <span class='ocr_line' id='line_1_28' title="bbox 87 2489 961 2552; baseline 0 -1"><span class='ocrx_word' id='word_1_183' title='bbox 87 2493 209 2552; x_wconf 86' lang='lat' dir='ltr'>Penthei</span> <span class='ocrx_word' id='word_1_184' title='bbox 223 2514 298 2552; x_wconf 91' lang='lat' dir='ltr'>mors</span> <span class='ocrx_word' id='word_1_185' title='bbox 313 2518 316 2525; x_wconf 60' lang='lat'>¹</span> <span class='ocrx_word' id='word_1_186' title='bbox 747 2489 837 2547; x_wconf 81' lang='lat' dir='ltr'>Musae</span> <span class='ocrx_word' id='word_1_187' title='bbox 852 2492 880 2548; x_wconf 92' lang='lat' dir='ltr'>in</span> <span class='ocrx_word' id='word_1_188' title='bbox 894 2512 961 2550; x_wconf 84' lang='lat' dir='ltr'>aves</span> 
     </span>
     <span class='ocr_line' id='line_1_29' title="bbox 219 2568 1270 2652; baseline 0.01 -30"><span class='ocrx_word' id='word_1_189' title='bbox 219 2592 221 2601; x_wconf 93' lang='lat'>·</span> <span class='ocrx_word' id='word_1_190' title='bbox 742 2568 986 2642; x_wconf 24' lang='lat' dir='ltr'>‘Gigantomachiae</span> <span class='ocrx_word' id='word_1_191' title='bbox 1000 2573 1155 2652; x_wconf 89' lang='lat' dir='ltr'>descriptio</span> <span class='ocrx_word' id='word_1_192' title='bbox 1248 2607 1270 2633; x_wconf 90' lang='lat'>.-</span> 
     </span>
     <span class='ocr_line' id='line_1_30' title="bbox 281 2645 1209 2726; baseline 0.009 -24"><span class='ocrx_word' id='word_1_193' title='bbox 281 2664 285 2677; x_wconf 77' lang='lat'><strong><em>¹</em></strong></span> <span class='ocrx_word' id='word_1_194' title='bbox 573 2656 576 2667; x_wconf 77' lang='lat'><em>¹</em></span> <span class='ocrx_word' id='word_1_195' title='bbox 654 2647 657 2652; x_wconf 82' lang='grc'><strong>’</strong></span> <span class='ocrx_word' id='word_1_196' title='bbox 746 2645 863 2726; x_wconf 84' lang='lat' dir='ltr'>Jupiter</span> <span class='ocrx_word' id='word_1_197' title='bbox 875 2649 903 2706; x_wconf 94' lang='lat' dir='ltr'>in</span> <span class='ocrx_word' id='word_1_198' title='bbox 917 2651 1037 2709; x_wconf 83' lang='lat' dir='ltr'>arietem</span> <span class='ocrx_word' id='word_1_199' title='bbox 1091 2706 1096 2715; x_wconf 73' lang='grc'>,</span> <span class='ocrx_word' id='word_1_200' title='bbox 1205 2694 1209 2701; x_wconf 81' lang='lat'><strong>·</strong></span> 
     </span>
     <span class='ocr_line' id='line_1_31' title="bbox 308 2725 1024 2800; baseline -0.001 -11"><span class='ocrx_word' id='word_1_201' title='bbox 308 2729 412 2789; x_wconf 83' lang='lat' dir='ltr'>LIBRI</span> <span class='ocrx_word' id='word_1_202' title='bbox 437 2729 486 2784; x_wconf 90' lang='lat' dir='ltr'>1v.</span> <span class='ocrx_word' id='word_1_203' title='bbox 747 2725 849 2800; x_wconf 85' lang='lat' dir='ltr'>Apollo</span> <span class='ocrx_word' id='word_1_204' title='bbox 864 2727 891 2783; x_wconf 92' lang='lat' dir='ltr'>in</span> <span class='ocrx_word' id='word_1_205' title='bbox 906 2747 1024 2787; x_wconf 87' lang='lat' dir='ltr'>corvum</span> 
     </span>
     <span class='ocr_line' id='line_1_32' title="bbox 747 2802 1143 2884; baseline 0.023 -25"><span class='ocrx_word' id='word_1_206' title='bbox 747 2802 877 2871; x_wconf 83' lang='lat' dir='ltr'>Bacchus</span> <span class='ocrx_word' id='word_1_207' title='bbox 890 2805 919 2864; x_wconf 93' lang='lat' dir='ltr'>in</span> <span class='ocrx_word' id='word_1_208' title='bbox 932 2826 1050 2884; x_wconf 87' lang='lat' dir='ltr'>caprum</span> <span class='ocrx_word' id='word_1_209' title='bbox 1140 2852 1143 2858; x_wconf 85' lang='lat'>-</span> 
     </span>
     <span class='ocr_line' id='line_1_33' title="bbox 748 2881 979 2945; baseline 0.03 -8"><span class='ocrx_word' id='word_1_210' title='bbox 748 2881 839 2941; x_wconf 90' lang='lat' dir='ltr'>Diana</span> <span class='ocrx_word' id='word_1_211' title='bbox 851 2882 879 2942; x_wconf 92' lang='lat' dir='ltr'>in</span> <span class='ocrx_word' id='word_1_212' title='bbox 891 2883 979 2945; x_wconf 83' lang='lat' dir='ltr'>felem</span> 
     </span>
     <span class='ocr_line' id='line_1_34' title="bbox 124 2958 990 3025; baseline 0.002 -2"><span class='ocrx_word' id='word_1_213' title='bbox 124 2963 398 3023; x_wconf 83' lang='lat' dir='ltr'>BACCHlnomina</span> <span class='ocrx_word' id='word_1_214' title='bbox 608 2972 704 3025; x_wconf 79' lang='lat' dir='ltr'>raa.l</span> <span class='ocrx_word' id='word_1_215' title='bbox 746 2958 860 3018; x_wconf 77' lang='lat' dir='ltr'>Junoin</span> <span class='ocrx_word' id='word_1_216' title='bbox 875 2982 990 3024; x_wconf 84' lang='lat' dir='ltr'>vaccam</span> 
     </span>
     <span class='ocr_line' id='line_1_35' title="bbox 86 3037 1010 3120; baseline 0 -17"><span class='ocrx_word' id='word_1_217' title='bbox 86 3043 218 3103; x_wconf 81' lang='lat' dir='ltr'>Dercetis</span> <span class='ocrx_word' id='word_1_218' title='bbox 234 3044 390 3120; x_wconf 89' lang='lat' dir='ltr'>Babylonia</span> <span class='ocrx_word' id='word_1_219' title='bbox 402 3044 430 3101; x_wconf 92' lang='lat' dir='ltr'>in</span> <span class='ocrx_word' id='word_1_220' title='bbox 444 3045 553 3120; x_wconf 82' lang='lat' dir='ltr'>piscem</span> <span class='ocrx_word' id='word_1_221' title='bbox 747 3037 887 3099; x_wconf 81' lang='lat' dir='ltr'>Venusia</span> <span class='ocrx_word' id='word_1_222' title='bbox 901 3044 1010 3120; x_wconf 89' lang='lat' dir='ltr'>piscem</span> 
     </span>
     <span class='ocr_line' id='line_1_36' title="bbox 86 3116 1270 3182; baseline 0.002 -3"><span class='ocrx_word' id='word_1_223' title='bbox 86 3122 247 3181; x_wconf 86' lang='lat' dir='ltr'>Semiramis</span> <span class='ocrx_word' id='word_1_224' title='bbox 261 3124 288 3180; x_wconf 88' lang='lat' dir='ltr'>in</span> <span class='ocrx_word' id='word_1_225' title='bbox 303 3123 463 3182; x_wconf 87' lang='lat' dir='ltr'>columbam</span> <span class='ocrx_word' id='word_1_226' title='bbox 747 3116 910 3178; x_wconf 86' lang='lat' dir='ltr'>Mercurius</span> <span class='ocrx_word' id='word_1_227' title='bbox 923 3122 952 3180; x_wconf 93' lang='lat' dir='ltr'>in</span> <span class='ocrx_word' id='word_1_228' title='bbox 966 3124 1089 3182; x_wconf 91' lang='lat' dir='ltr'>ibim·</span> <span class='ocrx_word' id='word_1_229' title='bbox 1169 3156 1180 3168; x_wconf 93' lang='lat'>·</span> <span class='ocrx_word' id='word_1_230' title='bbox 1260 3157 1270 3168; x_wconf 93' lang='lat'>·</span> 
     </span>
     <span class='ocr_line' id='line_1_37' title="bbox 86 3195 982 3276; baseline 0.003 -19"><span class='ocrx_word' id='word_1_231' title='bbox 86 3199 156 3259; x_wconf 82' lang='lat' dir='ltr'>Nais</span> <span class='ocrx_word' id='word_1_232' title='bbox 169 3200 196 3257; x_wconf 92' lang='lat' dir='ltr'>in</span> <span class='ocrx_word' id='word_1_233' title='bbox 211 3201 318 3276; x_wconf 87' lang='lat' dir='ltr'>piscem</span> <span class='ocrx_word' id='word_1_234' title='bbox 748 3195 866 3256; x_wconf 81' lang='lat' dir='ltr'>Cereris</span> <span class='ocrx_word' id='word_1_235' title='bbox 885 3201 982 3260; x_wconf 88' lang='lat' dir='ltr'>laudes</span> 
     </span>
     <span class='ocr_line' id='line_1_38' title="bbox 87 3273 1040 3358; baseline 0.005 -22"><span class='ocrx_word' id='word_1_236' title='bbox 87 3278 170 3343; x_wconf 85' lang='lat' dir='ltr'>Mora</span> <span class='ocrx_word' id='word_1_237' title='bbox 183 3296 220 3335; x_wconf 84' lang='lat' dir='ltr'>ex</span> <span class='ocrx_word' id='word_1_238' title='bbox 233 3279 303 3336; x_wconf 87' lang='lat' dir='ltr'>albis</span> <span class='ocrx_word' id='word_1_239' title='bbox 317 3279 396 3354; x_wconf 85' lang='lat' dir='ltr'>nigra</span> <span class='ocrx_word' id='word_1_240' title='bbox 409 3279 525 3357; x_wconf 90' lang='lat' dir='ltr'>Pyrami</span> <span class='ocrx_word' id='word_1_241' title='bbox 538 3286 568 3339; x_wconf 88' lang='lat' dir='ltr'>et</span> <span class='ocrx_word' id='word_1_242' title='bbox 581 3280 706 3339; x_wconf 84' lang='lat' dir='ltr'>Thisbes</span> <span class='ocrx_word' id='word_1_243' title='bbox 747 3273 928 3354; x_wconf 80' lang='lat' dir='ltr'>Proserpinae</span> <span class='ocrx_word' id='word_1_244' title='bbox 944 3288 1040 3358; x_wconf 83' lang='lat' dir='ltr'>raptus</span> 
     </span>
     <span class='ocr_line' id='line_1_39' title="bbox 124 3352 1136 3434; baseline 0.001 -20"><span class='ocrx_word' id='word_1_245' title='bbox 124 3356 259 3430; x_wconf 86' lang='lat' dir='ltr'>sanguine</span> <span class='ocrx_word' id='word_1_246' title='bbox 274 3357 375 3415; x_wconf 83' lang='lat' dir='ltr'>effecta</span> <span class='ocrx_word' id='word_1_247' title='bbox 507 3391 518 3402; x_wconf 94' lang='lat'><em>·</em></span> <span class='ocrx_word' id='word_1_248' title='bbox 598 3391 609 3404; x_wconf 91' lang='lat'><em>·</em></span> <span class='ocrx_word' id='word_1_249' title='bbox 689 3352 882 3429; x_wconf 62' lang='lat' dir='ltr'>aPergusae</span> <span class='ocrx_word' id='word_1_250' title='bbox 896 3358 971 3416; x_wconf 81' lang='lat' dir='ltr'>lacds</span> <span class='ocrx_word' id='word_1_251' title='bbox 982 3358 1136 3434; x_wconf 90' lang='lat' dir='ltr'>descriptio</span> 
     </span>
     <span class='ocr_line' id='line_1_40' title="bbox 86 3430 1173 3512; baseline 0.005 -22"><span class='ocrx_word' id='word_1_252' title='bbox 86 3433 209 3492; x_wconf 85' lang='lat' dir='ltr'>Veneris</span> <span class='ocrx_word' id='word_1_253' title='bbox 223 3453 288 3491; x_wconf 89' lang='lat' dir='ltr'>eum</span> <span class='ocrx_word' id='word_1_254' title='bbox 301 3435 395 3493; x_wconf 89' lang='lat' dir='ltr'>Marte</span> <span class='ocrx_word' id='word_1_255' title='bbox 409 3437 582 3497; x_wconf 82' lang='lat' dir='ltr'>adulterium</span> <span class='ocrx_word' id='word_1_256' title='bbox 690 3445 708 3495; x_wconf 88' lang='grc'>3</span> <span class='ocrx_word' id='word_1_257' title='bbox 748 3430 846 3509; x_wconf 86' lang='lat' dir='ltr'>Cyane</span> <span class='ocrx_word' id='word_1_258' title='bbox 861 3435 994 3512; x_wconf 87' lang='lat' dir='ltr'>Nympha</span> <span class='ocrx_word' id='word_1_259' title='bbox 1007 3438 1033 3495; x_wconf 95' lang='lat' dir='ltr'>in</span> <span class='ocrx_word' id='word_1_260' title='bbox 1045 3444 1173 3511; x_wconf 76' lang='lat' dir='ltr'>stagnum</span> 
     </span>
     <span class='ocr_line' id='line_1_41' title="bbox 85 3496 1367 3576; baseline 0.004 -6"><span class='ocrx_word' id='word_1_261' title='bbox 85 3496 249 3570; x_wconf 65' lang='lat' dir='ltr'>Leucothoe</span> <span class='ocrx_word' id='word_1_262' title='bbox 263 3514 291 3570; x_wconf 91' lang='lat' dir='ltr'>iu</span> <span class='ocrx_word' id='word_1_263' title='bbox 305 3515 396 3572; x_wconf 87' lang='lat' dir='ltr'>thuris</span> <span class='ocrx_word' id='word_1_264' title='bbox 410 3515 543 3574; x_wconf 86' lang='lat' dir='ltr'>arborem</span> <span class='ocrx_word' id='word_1_265' title='bbox 748 3510 826 3569; x_wconf 90' lang='lat' dir='ltr'>Puer</span> <span class='ocrx_word' id='word_1_266' title='bbox 838 3517 1007 3574; x_wconf 84' lang='lat' dir='ltr'>temerarius</span> <span class='ocrx_word' id='word_1_267' title='bbox 1020 3516 1048 3574; x_wconf 93' lang='lat' dir='ltr'>in</span> <span class='ocrx_word' id='word_1_268' title='bbox 1058 3516 1221 3576; x_wconf 87' lang='lat' dir='ltr'>stellionem</span> <span class='ocrx_word' id='word_1_269' title='bbox 1351 3525 1367 3575; x_wconf 82' lang='lat'><strong>7</strong></span> 
     </span>
     <span class='ocr_line' id='line_1_42' title="bbox 84 3589 1368 3668; baseline 0.007 -20"><span class='ocrx_word' id='word_1_270' title='bbox 84 3589 180 3667; x_wconf 82' lang='lat' dir='ltr'>Clytie</span> <span class='ocrx_word' id='word_1_271' title='bbox 195 3590 386 3668; x_wconf 89' lang='lat' dir='ltr'>inheliotrop.</span> <span class='ocrx_word' id='word_1_272' title='bbox 402 3594 521 3652; x_wconf 90' lang='lat' dir='ltr'>herbam</span> <span class='ocrx_word' id='word_1_273' title='bbox 599 3630 611 3641; x_wconf 92' lang='lat'>·</span> <span class='ocrx_word' id='word_1_274' title='bbox 690 3603 707 3653; x_wconf 79' lang='grc'>1</span> <span class='ocrx_word' id='word_1_275' title='bbox 747 3589 922 3667; x_wconf 74' lang='lat' dir='ltr'>Ascalaphus</span> <span class='ocrx_word' id='word_1_276' title='bbox 935 3594 963 3650; x_wconf 88' lang='lat' dir='ltr'>iu</span> <span class='ocrx_word' id='word_1_277' title='bbox 976 3595 1120 3652; x_wconf 84' lang='lat' dir='ltr'>bubonem</span> <span class='ocrx_word' id='word_1_278' title='bbox 1169 3629 1180 3640; x_wconf 94' lang='lat'><em>·</em></span> <span class='ocrx_word' id='word_1_279' title='bbox 1260 3629 1270 3640; x_wconf 94' lang='lat'><strong>·</strong></span> <span class='ocrx_word' id='word_1_280' title='bbox 1351 3601 1368 3652; x_wconf 89' lang='lat'>8</span> 
     </span>
     <span class='ocr_line' id='line_1_43' title="bbox 86 3667 1365 3744; baseline 0.005 -20"><span class='ocrx_word' id='word_1_281' title='bbox 86 3669 213 3744; x_wconf 85' lang='lat' dir='ltr'>llaphnis</span> <span class='ocrx_word' id='word_1_282' title='bbox 235 3669 480 3730; x_wconf 77' lang='lat' dir='ltr'>ldreusinsaxum</span> <span class='ocrx_word' id='word_1_283' title='bbox 597 3708 608 3721; x_wconf 93' lang='lat'>-</span> <span class='ocrx_word' id='word_1_284' title='bbox 690 3667 863 3734; x_wconf 85' lang='lat' dir='ltr'>5Sirenes</span> <span class='ocrx_word' id='word_1_285' title='bbox 877 3671 905 3727; x_wconf 92' lang='lat' dir='ltr'>in</span> <span class='ocrx_word' id='word_1_286' title='bbox 917 3691 1002 3730; x_wconf 87' lang='lat' dir='ltr'>aves.</span> <span class='ocrx_word' id='word_1_287' title='bbox 1075 3704 1087 3716; x_wconf 91' lang='lat'><strong>·</strong></span> <span class='ocrx_word' id='word_1_288' title='bbox 1167 3708 1177 3724; x_wconf 83' lang='lat'><strong>·</strong></span> <span class='ocrx_word' id='word_1_289' title='bbox 1256 3706 1267 3718; x_wconf 92' lang='lat'>·</span> <span class='ocrx_word' id='word_1_290' title='bbox 1347 3677 1365 3730; x_wconf 87' lang='grc'>9</span> 
     </span>
     <span class='ocr_line' id='line_1_44' title="bbox 85 3747 1370 3827; baseline 0.004 -24"><span class='ocrx_word' id='word_1_291' title='bbox 85 3747 210 3822; x_wconf 83' lang='lat' dir='ltr'>Scythen</span> <span class='ocrx_word' id='word_1_292' title='bbox 224 3747 253 3806; x_wconf 94' lang='lat' dir='ltr'>in</span> <span class='ocrx_word' id='word_1_293' title='bbox 267 3747 409 3807; x_wconf 85' lang='lat' dir='ltr'>faeminam</span> <span class='ocrx_word' id='word_1_294' title='bbox 507 3784 519 3796; x_wconf 91' lang='lat'><strong>·</strong></span> <span class='ocrx_word' id='word_1_295' title='bbox 598 3787 609 3798; x_wconf 93' lang='lat'><em>·</em></span> <span class='ocrx_word' id='word_1_296' title='bbox 670 3759 706 3812; x_wconf 87' lang='lat'>·6</span> <span class='ocrx_word' id='word_1_297' title='bbox 749 3747 889 3807; x_wconf 86' lang='lat' dir='ltr'>Arethusa</span> <span class='ocrx_word' id='word_1_298' title='bbox 902 3751 1068 3827; x_wconf 82' lang='lat' dir='ltr'>nymphaiu</span> <span class='ocrx_word' id='word_1_299' title='bbox 1082 3751 1188 3812; x_wconf 86' lang='lat' dir='ltr'>fontem</span> <span class='ocrx_word' id='word_1_300' title='bbox 1240 3784 1251 3796; x_wconf 93' lang='lat'>·</span> <span class='ocrx_word' id='word_1_301' title='bbox 1334 3755 1370 3809; x_wconf 89' lang='lat'>10</span> 
     </span>
     <span class='ocr_line' id='line_1_45' title="bbox 85 3824 1366 3907; baseline 0.004 -26"><span class='ocrx_word' id='word_1_302' title='bbox 85 3824 193 3882; x_wconf 86' lang='lat' dir='ltr'>Celmis</span> <span class='ocrx_word' id='word_1_303' title='bbox 208 3844 282 3900; x_wconf 86' lang='lat' dir='ltr'>puer</span> <span class='ocrx_word' id='word_1_304' title='bbox 295 3827 323 3885; x_wconf 91' lang='lat' dir='ltr'>in</span> <span class='ocrx_word' id='word_1_305' title='bbox 337 3828 512 3907; x_wconf 73' lang='lat' dir='ltr'>adamantem</span> <span class='ocrx_word' id='word_1_306' title='bbox 598 3865 608 3878; x_wconf 88' lang='lat'>-</span> <span class='ocrx_word' id='word_1_307' title='bbox 689 3838 707 3891; x_wconf 85' lang='lat'><strong>7</strong></span> <span class='ocrx_word' id='word_1_308' title='bbox 746 3824 860 3901; x_wconf 87' lang='lat' dir='ltr'>Lyncus</span> <span class='ocrx_word' id='word_1_309' title='bbox 874 3847 927 3886; x_wconf 82' lang='lat' dir='ltr'>rex</span> <span class='ocrx_word' id='word_1_310' title='bbox 941 3830 1111 3906; x_wconf 84' lang='lat' dir='ltr'>Scytharum</span> <span class='ocrx_word' id='word_1_311' title='bbox 1123 3832 1152 3890; x_wconf 90' lang='lat' dir='ltr'>in</span> <span class='ocrx_word' id='word_1_312' title='bbox 1164 3832 1280 3907; x_wconf 88' lang='lat' dir='ltr'>lyncem</span> <span class='ocrx_word' id='word_1_313' title='bbox 1334 3833 1366 3887; x_wconf 94' lang='grc'>11</span> 
     </span>
     <span class='ocr_line' id='line_1_46' title="bbox 73 3901 1369 3986; baseline 0.009 -27"><span class='ocrx_word' id='word_1_314' title='bbox 73 3901 196 3961; x_wconf 86' lang='lat' dir='ltr'>·Crocus</span> <span class='ocrx_word' id='word_1_315' title='bbox 209 3922 274 3962; x_wconf 91' lang='lat' dir='ltr'>cum</span> <span class='ocrx_word' id='word_1_316' title='bbox 289 3905 409 3964; x_wconf 90' lang='lat' dir='ltr'>Smilace</span> <span class='ocrx_word' id='word_1_317' title='bbox 423 3905 553 3967; x_wconf 86' lang='lat' dir='ltr'>inflores</span> <span class='ocrx_word' id='word_1_318' title='bbox 690 3902 1009 3986; x_wconf 83' lang='lat' dir='ltr'>aPieridesinpicas</span> <span class='ocrx_word' id='word_1_319' title='bbox 1058 3943 1069 3954; x_wconf 95' lang='lat'><em>·</em></span> <span class='ocrx_word' id='word_1_320' title='bbox 1149 3938 1160 3953; x_wconf 91' lang='lat'><strong>·</strong></span> <span class='ocrx_word' id='word_1_321' title='bbox 1239 3940 1250 3953; x_wconf 92' lang='lat'><strong>·</strong></span> <span class='ocrx_word' id='word_1_322' title='bbox 1333 3913 1369 3966; x_wconf 61' lang='lat' dir='ltr'>lt</span> 
     </span>
     <span class='ocr_line' id='line_1_47' title="bbox 84 3980 707 4045; baseline 0.008 -6"><span class='ocrx_word' id='word_1_323' title='bbox 84 3980 246 4039; x_wconf 78' lang='lat' dir='ltr'>Salmacidis</span> <span class='ocrx_word' id='word_1_324' title='bbox 260 3982 343 4045; x_wconf 82' lang='lat' dir='ltr'>sontis</span> <span class='ocrx_word' id='word_1_325' title='bbox 357 3991 457 4043; x_wconf 88' lang='lat' dir='ltr'>natura</span> <span class='ocrx_word' id='word_1_326' title='bbox 508 4017 519 4030; x_wconf 93' lang='lat'>·</span> <span class='ocrx_word' id='word_1_327' title='bbox 599 4021 610 4034; x_wconf 93' lang='lat'><em>·</em></span> <span class='ocrx_word' id='word_1_328' title='bbox 690 3993 707 4044; x_wconf 87' lang='lat'>9</span> 
     </span>
     <span class='ocr_line' id='line_1_48' title="bbox 84 4058 1129 4146; baseline 0.01 -29"><span class='ocrx_word' id='word_1_329' title='bbox 84 4058 343 4133; x_wconf 87' lang='lat' dir='ltr'>Hermaphroditus</span> <span class='ocrx_word' id='word_1_330' title='bbox 366 4082 432 4122; x_wconf 92' lang='lat' dir='ltr'>cum</span> <span class='ocrx_word' id='word_1_331' title='bbox 445 4062 603 4125; x_wconf 85' lang='lat' dir='ltr'>Salmacide</span> <span class='ocrx_word' id='word_1_332' title='bbox 616 4067 705 4146; x_wconf 81' lang='lat' dir='ltr'>Nym·</span> <span class='ocrx_word' id='word_1_333' title='bbox 991 4126 995 4133; x_wconf 82' lang='grc'><strong>,</strong></span> <span class='ocrx_word' id='word_1_334' title='bbox 1126 4096 1129 4101; x_wconf 95' lang='grc'><strong><em>·</em></strong></span> 
     </span>
     <span class='ocr_line' id='line_1_49' title="bbox 122 4137 1144 4214; baseline 0.006 -20"><span class='ocrx_word' id='word_1_335' title='bbox 122 4137 181 4214; x_wconf 73' lang='lat' dir='ltr'>pha</span> <span class='ocrx_word' id='word_1_336' title='bbox 192 4138 341 4212; x_wconf 90' lang='lat' dir='ltr'>copulatus</span> <span class='ocrx_word' id='word_1_337' title='bbox 470 4176 481 4188; x_wconf 31' lang='lat' dir='ltr'>t&lt;</span> <span class='ocrx_word' id='word_1_338' title='bbox 967 4142 1073 4202; x_wconf 84' lang='lat' dir='ltr'>LlBRl</span> <span class='ocrx_word' id='word_1_339' title='bbox 1093 4143 1144 4201; x_wconf 87' lang='lat' dir='ltr'>Vl.</span> 
     </span>
     <span class='ocr_line' id='line_1_50' title="bbox 72 4214 707 4292; baseline 0.014 -20"><span class='ocrx_word' id='word_1_340' title='bbox 72 4214 245 4292; x_wconf 69' lang='lat' dir='ltr'>Minyeides</span> <span class='ocrx_word' id='word_1_341' title='bbox 259 4216 288 4272; x_wconf 94' lang='lat' dir='ltr'>in</span> <span class='ocrx_word' id='word_1_342' title='bbox 299 4219 519 4292; x_wconf 82' lang='lat' dir='ltr'>vespertiliones</span> <span class='ocrx_word' id='word_1_343' title='bbox 578 4255 589 4268; x_wconf 94' lang='lat'>·</span> <span class='ocrx_word' id='word_1_344' title='bbox 671 4228 707 4281; x_wconf 89' lang='grc'>10</span> 
     </span>
     <span class='ocr_line' id='line_1_51' title="bbox 83 4293 705 4360; baseline 0.014 -9"><span class='ocrx_word' id='word_1_345' title='bbox 83 4293 136 4351; x_wconf 92' lang='lat' dir='ltr'>lno</span> <span class='ocrx_word' id='word_1_346' title='bbox 149 4293 324 4352; x_wconf 81' lang='lat' dir='ltr'>Athamantis</span> <span class='ocrx_word' id='word_1_347' title='bbox 337 4314 412 4355; x_wconf 88' lang='lat' dir='ltr'>uxor</span> <span class='ocrx_word' id='word_1_348' title='bbox 424 4299 454 4356; x_wconf 92' lang='lat' dir='ltr'>in</span> <span class='ocrx_word' id='word_1_349' title='bbox 468 4297 559 4359; x_wconf 86' lang='lat' dir='ltr'>Deam</span> <span class='ocrx_word' id='word_1_350' title='bbox 672 4307 705 4360; x_wconf 81' lang='grc'>11</span> 
     </span>
    </p>
   </div>
   <div class='ocr_carea' id='block_1_3' title="bbox 68 4345 1370 4516">
    <p class='ocr_par' dir='ltr' id='par_1_3' title="bbox 68 4345 1370 4516">
     <span class='ocr_line' id='line_1_52' title="bbox 83 4345 1370 4454; baseline 0.005 -24"><span class='ocrx_word' id='word_1_351' title='bbox 83 4366 147 4430; x_wconf 72' lang='lat' dir='ltr'>ms</span> <span class='ocrx_word' id='word_1_352' title='bbox 161 4371 195 4430; x_wconf 69' lang='lat' dir='ltr'>aa</span> <span class='ocrx_word' id='word_1_353' title='bbox 207 4366 316 4432; x_wconf 69' lang='lat' dir='ltr'>iurem</span> <span class='ocrx_word' id='word_1_354' title='bbox 328 4373 483 4454; x_wconf 60' lang='lat' dir='ltr'>assonam</span> <span class='ocrx_word' id='word_1_355' title='bbox 785 4345 994 4449; x_wconf 72' lang='lat' dir='ltr'>annonari</span> <span class='ocrx_word' id='word_1_356' title='bbox 1015 4348 1370 4439; x_wconf 58' lang='lat' dir='ltr'>nursiamcasam</span> 
     </span>
     <span class='ocr_line' id='line_1_53' title="bbox 68 4445 1363 4516; baseline 0.01 -14"><span class='ocrx_word' id='word_1_357' title='bbox 68 4445 326 4516; x_wconf 57' lang='lat' dir='ltr'>moadinferos</span> <span class='ocrx_word' id='word_1_358' title='bbox 1268 4463 1363 4515; x_wconf 72' lang='lat' dir='ltr'>rami</span> 
     </span>
    </p>
   </div>
   <div class='ocr_carea' id='block_1_4' title="bbox 0 0 1452 4860">
    <p class='ocr_par' dir='ltr' id='par_1_4' title="bbox 0 0 1452 4860">
     <span class='ocr_line' id='line_1_54' title="bbox 0 0 1452 4860; baseline 0 0"><span class='ocrx_word' id='word_1_359' title='bbox 0 0 1452 4860; x_wconf 95' lang='lat' dir='ltr'> </span> 
     </span>
    </p>
   </div>
  </div>
 </body>
</html>
