2894 4860
501 327 555 402 r.
579 324 775 402 uvrnrr
797 325 1049 400 nasonis
1154 429 1159 438 .

292 576 1177 743 nnrnmunrflosnun

598 886 852 962 LIBERVll.

674 1090 826 1137 4

539 1264 811 1340 ARGUMEN
814 1261 936 1337 TUM.

601 1568 616 1599 Ι

108 1648 115 1660 ’
134 1624 547 1720 POSTQUAM'Jason
572 1629 715 1700 domum
737 1648 817 1697 cum
836 1622 1095 1720 meretrecis,
1120 1628 1244 1701 AEsoni
1261 1657 1388 1704 socero

83 1753 148 1803 suo
163 1728 220 1800 illa
220 1728 444 1823 juventutem
454 1725 613 1799 reddidit.
629 1724 859 1818 Eandemque
869 1723 1020 1796 etPeliae
1033 1725 1389 1824 pollicita,preemisso

82 1826 201 1899 arietis
220 1828 255 1898 in
272 1850 402 1922 agnum
415 1824 636 1898 transmutati
655 1821 857 1920 specimine,
875 1821 1051 1894 dolosum
1065 1824 1201 1896 occidit.
1228 1824 1311 1898 lnde
1322 1852 1389 1922 per

85 1925 181 2001 varia
198 1925 275 1997 loca
302 1923 419 1996 multis
444 1923 595 2021 insignia
612 1920 974 1994 transformationibus
994 1920 1120 2007 delata,
1151 1939 1229 2019 post
1253 1924 1389 1997 occisos

84 2021 225 2108 liberos,
243 2021 357 2119 AEgeo
375 2021 501 2117 nupsit.
555 2021 689 2095 Contra
705 2021 798 2094 hunc
817 2034 937 2114 postea
956 2017 1085 2092 bellum
1115 2021 1221 2093 movit
1250 2020 1382 2109 Minos,

85 2121 241 2193 collectis
274 2120 427 2213 undique
459 2119 592 2216 copiis3
635 2135 674 2192 ut
698 2135 734 2191 et
750 2115 770 2185 ὁ
789 2115 891 2188 Paro.
941 2115 1074 2190 AEacus
1091 2120 1172 2190 vero
1197 2121 1242 2192 ab
1270 2118 1383 2235 AEgeo

87 2217 194 2310 stetit,
211 2218 301 2287 etad
326 2241 405 2288 eum
424 2215 668 2313 Myrmidones
685 2240 778 2302 suos,
798 2212 817 2282 ἐ
835 2213 990 2286 formicis
1007 2233 1112 2304 ortos,
1131 2216 1264 2290 auxilio
1281 2219 1385 2309 misit,

88 2315 177 2388 duce
196 2312 377 2410 Cephalo;
396 2315 455 2409 qui
472 2316 661 2412 aliquando
674 2338 819 2386 uxorem
833 2336 946 2399 snam,
965 2316 1098 2400 mutat&
1115 2316 1182 2389 sibi
1208 2316 1388 2408 lormisiu

89 2413 297 2487 adulterium
328 2412 527 2509 pellexerat,
556 2437 749 2510 canemque
766 2434 868 2484 suum
895 2410 1003 2485 simul.
1023 2438 1103 2503 curn
1130 2415 1233 2513 vulpe
1250 2417 1288 2489 in
1304 2440 1389 2490 saxa

90 2513 246 2589 converti
254 2511 397 2584 viderat.

173 2704 373 2747 neutrumne.
525 2689 684 2763 JAMQUE
697 2688 803 2751 fretum
817 2693 924 2771 Minya
939 2691 1070 2767 Pagasai
1082 2710 1181 2769 puppe
1195 2692 1342 2765 secabant,

92 2756 460 2873 ngnffialjffizffifflffl‘
488 2770 693 2848 Perpetuiqne
707 2774 824 2831 trahens
838 2774 955 2850 inopem
967 2771 1021 2829 sub
1032 2781 1117 2829 nocte
1128 2779 1274 2831 senectam

92 2874 461 2933 „mmmmgmmssmm
491 2850 617 2923 Phineus
628 2851 706 2911 visus
720 2860 797 2925 crat3
815 2852 1000 2929 juvenesque
1014 2851 1156 2929 Aquilone
1170 2851 1260 2910 creati

93 2932 256 3001 menania
266 2934 363 2980 anciran
372 2934 460 3006 eposio
487 2929 639 3006 Virgineus
652 2934 788 2990 volucres
801 2933 898 2991 miseri
912 2931 989 2989 sanis
1003 2948 1055 2989 ore
1069 2930 1196 3006 fugarant
1211 2953 1217 3001 ;

94 2993 143 3046 νὴ
167 2997 188 3038 el
205 3006 302 3052 ‘putrem
320 2993 396 3038 Borea
414 2998 458 3037 suh
472 3016 475 3021 ·

96 3052 220 3109 ‘bageam
238 3052 415 3112 ouesvirgr'ueus
430 3053 458 3096 ab

96 3125 134 3154 ors
142 3110 242 3170 infelicis
255 3112 330 3164 sonim·

676 3412 820 3459 ..4-
862 3485 866 3496 ι

669 3620 803 3679 NOTAE.

136 3777 158 3826 1.
178 3776 291 3845 dhrym]
314 3780 485 3843 Argonautae;
508 3776 568 3826 vide
589 3793 657 3828 vers.
676 3777 734 3832 720.
767 3777 889 3844 harpyias
902 3780 1019 3829 assiduas
1031 3780 1139 3832 haberet
1150 3781 1258 3834 sceleris
1270 3782 1395 3844 vindices,

100 3845 162 3896 libri
174 3846 323 3909 superioris.
767 3859 825 3910 quae
843 3861 957 3895 mensam
979 3847 1197 3909 depredarentur,
1230 3852 1396 3914 Argonautas

134 3913 172 3960 lb.
184 3911 325 3978 Pagasaei]
339 3915 410 3979 Argo
419 3909 486 3960 esta
499 3911 606 3974 Pegasis
620 3911 734 3961 Thessa·
767 3909 828 3962 tero
841 3913 899 3960 crim
912 3913 1022 3976 benigne
1034 3915 1185 3978 accepisset,
1198 3926 1271 3967 tanto
1283 3917 1352 3969 malo
1362 3916 1396 3969 d>

101 3976 142 4027 lite
159 3978 231 4039 urbe,
251 3994 300 4027 non
319 3977 434 4044 procula
456 3975 527 4024 Pelio
548 3985 645 4038 monte,
654 3978 733 4045 juxta
765 3977 816 4027 illis
830 3979 953 4028 liberatus
968 3990 1023 4033 est;
1037 3982 1133 4046 quippe
1144 3983 1188 4047 qui
1202 3984 1329 4033 adversus
1341 3983 1399 4035 her·

101 4058 179 4109 quam
195 4045 321 4095 fabricata
333 4056 375 4096 est
387 4042 458 4095 navis
467 4042 505 4090 sic
518 4041 599 4092 dicta.
766 4047 839 4108 pyias
851 4045 937 4095 Calain
948 4054 974 4095 et
984 4048 1082 4096 Zethen
1093 4048 1172 4098 alatos
1182 4048 1276 4101 fratres
1285 4051 1399 4101 immise-
1423 4074 1430 4089 ·

134 4111 158 4159 2.
172 4110 298 4175 Perpetui
314 4114 358 4160 sub
376 4105 467 4171 nocte]
490 4109 555 4164 Quia
567 4119 711 4161 occaecatus
725 4132 731 4167 ;
766 4121 835 4168 runt,
848 4111 863 4158 al
874 4112 967 4176 quibus
981 4114 1111 4177 usquead
1125 4117 1287 4179 Strophadas
1300 4115 1399 4167 insutu

100 4176 155 4227 haec
169 4186 209 4228 est
223 4178 290 4226 enirn
308 4177 396 4227 Phinei
408 4176 503 4226 fabula.
539 4178 665 4240 Agenoris
683 4193 730 4226 seu
762 4175 907 4242 profligatas
917 4187 985 4226 sunt.

102 4244 229 4292 l'hoenicis
243 4241 291 4293 fnit
304 4243 382 4305 filins,
390 4259 438 4293 rex
453 4241 577 4299 Arcadias,
590 4243 632 4291 vel
645 4244 730 4307 potitis
796 4242 819 4290 3.
840 4241 967 4309 Iuvenca]
987 4245 1074 4296 Calain
1091 4246 1158 4297 dicit
1170 4255 1197 4297 et
1210 4249 1321 4311 Zethen,
1333 4264 1398 4317 quon

102 4307 229 4364 Thraciae,
246 4311 291 4375 qui
311 4310 450 4374 Cleopatr&
465 4312 555 4358 Boreae
575 4306 636 4369 fitia,
649 4310 674 4358 in
686 4324 731 4358 ux·
763 4311 849 4360 Borea
861 4320 930 4359 satos
942 4313 999 4359 ante
1012 4312 1134 4363 diximus.

52 4420 57 4429 ,
101 4388 174 4424 orem
188 4379 299 4438 sumpta,
320 4376 386 4426 duos
399 4392 464 4442 quus
481 4390 515 4425 ex
530 4375 562 4424 ed
576 4385 730 4440 susceperat
798 4376 821 4423 4.
838 4372 984 4443 Virgineus]
1007 4380 1133 4444 Harpyias
1155 4379 1229 4441 dicit,
1252 4395 1312 4447 quae
1324 4381 1399 4433 vulto

93 4438 167 4491 filios
177 4441 332 4507 Harpalices
346 4442 387 4492 vel
400 4441 468 4492 Ideae
481 4439 671 4508 superinductae
689 4457 733 4491 no·
766 4442 895 4505 virgineo,
907 4442 1012 4492 auribus
1022 4445 1126 4504 ursinis,
1136 4461 1245 4511 corpore
1257 4448 1401 4509 vulturino,

85 4518 171 4556 verca
182 4509 304 4570 consilio,
320 4508 407 4561 oculis
423 4509 546 4574 privavit,
566 4508 737 4577 quamobrem
768 4509 889 4560 manibus
896 4507 982 4569 uncis,
993 4511 1109 4561 volatiles
1121 4510 1197 4571 licta,
1211 4514 1287 4564 Ponti
1296 4529 1328 4566 ac
1337 4516 1403 4566 Ter·

71 4565 204 4635 intuo
219 4574 367 4642 supplicio,
390 4575 740 4647 inconsummatus
771 4591 810 4627 τε
820 4575 889 4628 uua.
918 4575 1249 4640 Pideuirffinsfzi‘t.
1330 4640 1400 4695 m
