2894 4860
519 615 574 693 Ρ.
598 616 799 693 ovrnrr
821 514 1072 696 nusonrs
1193 686 1196 693 .

234 946 236 951 Ι
308 792 1198 949 urnuuuonrrrosuon

621 1025 779 1101 LIBER
793 1026 856 1101 lX.

671 1244 822 1294 4-

496 1404 499 1409 ’
536 1457 934 1533 auennensem.

706 1733 785 1744 nnn—

136 1890 254 1971 HAEC
272 1892 322 1965 illi
340 1904 463 1989 postea
480 1904 613 1963 vestem
627 1889 735 1974 misit,
766 1890 835 1985 qud
860 1887 963 1985 periit
981 1888 1185 1986 (postquam
1215 1886 1346 1969 Lichas
1360 1891 1395 1967 iu

86 1995 272 2093 scopulum
303 1991 367 2064 suit
386 1989 586 2082 translatus,
604 2007 639 2061 et
657 1989 691 2061 in
705 1987 835 2061 eoelum
860 1990 1042 2061 traductus
1059 1990 1141 2087 est.)
1188 1988 1286 2065 Tum
1316 1994 1396 2065 verb

87 2094 260 2166 Alcmena
284 2093 329 2164 ad
351 2088 447 2162 lolen
472 2113 509 2159 se
527 2086 677 2170 contulit
699 2112 708 2175 ;
751 2087 854 2182 eique
869 2084 1123 2163 Galanthidem
1142 2089 1177 2161 in
1195 2090 1399 2185 mustelam,

86 2206 123 2263 et
139 2188 200 2261 illa
218 2187 370 2260 vicissim
388 2212 542 2259 sororem
556 2210 655 2258 suam
674 2185 710 2257 in
728 2185 887 2257 arborem
907 2187 1279 2261 conversamnarravit.
1336 2184 1397 2259 ln'·

85 2285 189 2361 terim
220 2285 420 2381 supervenit
439 2285 523 2381 ipsis
542 2281 671 2374 rorans,
705 2285 864 2379 reparata
876 2308 937 2382 per
956 2284 1084 2359 Heben
1093 2284 1292 2383 juventute.
1351 2283 1396 2359 ld

111 2388 183 2459 uod
206 2384 276 2457 nori
295 2397 413 2480 posset
442 2382 606 2455 omuibus
617 2382 808 2479 contigere,
826 2380 966 2480 Jupiter
979 2382 1081 2459 AEaci
1094 2383 1260 2482 exemplo
1277 2384 1395 2458 docet

86 2410 198 2560 llunc
211 2482 356 2581 ⁴lugiens
373 2480 532 2567 Miletus,
551 2482 585 2553 in
607 2480 729 2553 Asiam
747 2481 920 2569 discessit,
939 2498 974 2554 et
990 2484 1183 2580 Byblidem
1202 2482 1398 2581 procrearit

86 2602 192 2680 atque
212 2581 391 2666 Caunum,
409 2579 582 2677 cujusilla
599 2605 698 2653 amor
716 2578 904 2675 tabefacta,
930 2581 965 2653 in
985 2580 1118 2656 sontem
1137 2581 1252 2682 periit.
1305 2578 1397 2674 Quae

87 2685 231 2780 quidem
248 2706 302 2753 res
321 2681 432 2778 magis
451 2682 538 2753 mira
557 2680 720 2753 omnibus
735 2679 808 2752 visa
820 2679 943 2752 luisset
961 2709 971 2766 3
988 2680 1055 2754 nisi
1068 2683 1177 2782 paulo
1189 2680 1273 2755 aute
1288 2678 1394 2778 lphis,

85 2782 164 2881 ipso
176 2780 378 2877 nuptiarum
397 2781 467 2866 die,
483 2779 617 2853 virilem
627 2804 750 2857 serrum
768 2778 972 2876 accepisset.

174 2990 375 3025 rsrmrarrrrro·
475 3018 477 3027 ,
522 2976 616 3048 QUAE
627 2977 746 3052 gemitus
758 2984 929 3055 truncaeque
944 2978 1009 3037 Deo
1024 2978 1190 3058 Neptunius
1204 2980 1294 3039 beros

85 3037 136 3157 μὲ
151 3038 454 3157 ,fflssffi‘fflfflffl
484 3056 578 3115 Causa
593 3066 673 3132 rogat
683 3056 783 3117 frontis
796 3081 803 3130 ;
825 3061 888 3133 crim
903 3058 944 3115 sic
959 3060 1135 3136 Calydonius
1150 3061 1241 3118 amnis

85 3161 107 3200 ,r
122 3155 217 3214 fronto
240 3159 365 3204 marrim,
402 3156 454 3203 cnm
484 3136 591 3215 Coepit,
606 3138 751 3196 inornatos
766 3140 914 3197 redimitus
929 3141 1068 3197 arundine
1083 3142 1197 3199 crines:

80 3213 172 3275 Μία*
187 3215 329 3276 carpamus
343 3216 454 3285 ³50⁰&ss
484 3217 584 3276 Triste
599 3217 673 3296 petis
687 3237 800 3277 munus.
843 3220 915 3291 Quis
930 3219 1007 3278 enim
1021 3239 1072 3279 sua
1086 3219 1297 3298 praeliavictus

84 3276 401 3453 ἔξῶῗίζξῖξπὴηζζᾞζζέῗ
417 3290 453 3379 ΞΖ
483 3296 720 3357 Commemorare
734 3299 806 3358 velit
818 3298 829 3359 l
850 3298 976 3359 referam
985 3308 1079 3359 tamen
1090 3300 1203 3370 ordine,
1217 3308 1346 3362 nectam
1375 3306 1388 3357 5

85 3392 160 3452 guare
178 3407 191 3436 ο
219 3394 293 3440 ctum.-
324 3395 382 3451 Quis
394 3394 454 3439 enim
484 3378 588 3456 Turpe
601 3379 655 3438 fuit
667 3378 756 3451 vinci,
770 3381 859 3458 quam
872 3381 1053 3440 contendisse
1063 3382 1204 3439 decorum
1218 3386 1264 3438 est
1277 3404 1283 3437 :

86 3457 208 3511 superatus
224 3454 278 3500 uelit
295 3467 456 3498 narraremus

87 3510 233 3559 certamino?
266 3512 349 3560 Tamen
360 3513 462 3559 narrabo
472 3515 551 3561 ordine
558 3531 628 3575 neque
639 3520 728 3564 rantum
738 3517 888 3579 dedcrtrssuit
896 3520 1012 3577 superori,
1020 3522 1106 3579 priuata
1115 3518 1193 3579 gloria
1205 3519 1301 3563 errasse
1310 3538 1319 3574 ,-

673 4272 808 4329 NOTAE,

122 4432 146 4491 l.
160 4434 289 4500 dionem]
303 4436 369 4494 Quia
378 4453 459 4489 cornu
471 4436 552 4488 allero
567 4434 683 4486 carebat.
792 4433 817 4482 3.
827 4434 979 4503 amnuens]
989 4434 1089 4487 edrone
1101 4447 1136 4485 ex
1149 4434 1332 4496 arundinibus,
1343 4434 1396 4503 qui·

87 4509 149 4571 rh.
170 4502 341 4576 Mptum'unj
366 4507 474 4558 Theseus
485 4513 528 4558 est
543 4504 670 4571 Neptuni,
692 4501 724 4555 ab
758 4499 1020 4553 busferdfloriorum
1027 4501 1238 4567 ripaeabundant.
1272 4504 1394 4568 Sicl'irg·

68 4580 161 4644 AEgaeo
171 4585 264 4647 patre,
278 4592 373 4642 nepos.
801 4570 887 4620 tane
898 4571 1008 4620 umbroso
1018 4571 1227 4635 segeberammdo.

16 4664 20 4681 ‚
90 4650 117 4698 2.
131 4643 317 4717 Caledonius]
331 4648 462 4703 ,achelous
474 4661 581 4718 nempe·

1329 4696 1407 4765 blas,-
